,2011-06-30,2011-09-30,2012-03-31,2012-06-30,2012-09-30,2012-12-31,2013-03-31,2013-06-30,2013-09-30,2013-12-31,2014-03-31,2014-06-30,2014-09-30,2014-12-31,2015-03-31,2015-06-30,2015-09-30,2015-12-31,2016-03-31,2016-06-30,2016-09-30,2016-12-31,2017-03-31
AccretionAmortizationOfDiscountsAndPremiumsInvestments,,,,,,,-94000.000,,,,-99000.000,,,,-427000.000,,,,-146000.000,,,,6000.000
AllocatedShareBasedCompensationExpense,,,,589000.000,493000.000,,483000.000,638000.000,663000.000,696000.000,1040000.000,1852000.000,1691000.000,1507000.000,1932000.000,2580000.000,4765000.000,4154000.000,4961000.000,5257000.000,5156000.000,3786000.000,4213000.000
AmortizationOfFinancingCosts,,,,,,,,,,,,,,,,,,,237000.000,356000.000,356000.000,356000.000,356000.000
AmortizationOfIntangibleAssets,,,,,,,,,,,300000.000,,,,200000.000,,,,200000.000,,,,200000.000
AntidilutiveSecuritiesExcludedFromComputationOfEarningsPerShareAmount,,,,,,,15722925.000,,,,15359430.000,,,,23250163.000,,,,32803931.000,,,,38202428.000
AvailableForSaleSecuritiesGrossUnrealizedGains,,,,,,,,,,,,,,,6000.000,,,,,,,,
AvailableForSaleSecuritiesGrossUnrealizedLoss,,,,,,,,,,,,,,,26000.000,,,,,,,,
BusinessAcquisitionsProFormaNetIncomeLoss,,,,,,,,,-15687000.000,,,,,,,,,,,,,,
BusinessAcquisitionsProFormaRevenue,,,,,,,,,4869000.000,,,,,,,,,,,,,,
CapitalExpendituresIncurredButNotYetPaid,,,224000.000,,,,422000.000,,,,214000.000,,,,3118000.000,,,,3180000.000,,,,823000.000
CashAndCashEquivalentsPeriodIncreaseDecrease,,,-231000.000,,,,-8376000.000,,,,-9550000.000,,,,182715000.000,,,,39117000.000,,,,-48506000.000
ComprehensiveIncomeNetOfTax,,,-7192000.000,-5956000.000,-7121000.000,-8640000.000,-9957000.000,-12465000.000,-14824000.000,-14328000.000,-14559000.000,-19247000.000,-22545000.000,-34040000.000,-27521000.000,-19595000.000,-33478000.000,-78862000.000,-75676000.000,-80947000.000,-66915000.000,-59118000.000,-43375000.000
ContractRevenueCost,,,3786000.000,5118000.000,3838000.000,1950000.000,1712000.000,1632000.000,2276000.000,2602000.000,3021000.000,5102000.000,4027000.000,2837000.000,2459000.000,2687000.000,2747000.000,,,,,,
ContractsRevenue,3001000.000,5008000.000,4642000.000,7103000.000,5583000.000,3343000.000,3441000.000,3276000.000,4268000.000,6723000.000,5472000.000,7241000.000,7504000.000,5996000.000,9246000.000,13720000.000,6307000.000,4071000.000,1946000.000,134000.000,102000.000,2000.000,0.000
CostsAndExpenses,,,12109000.000,12958000.000,12614000.000,14060000.000,13838000.000,16429000.000,20081000.000,23001000.000,21847000.000,26110000.000,28003000.000,38390000.000,34190000.000,34817000.000,39724000.000,84755000.000,79480000.000,79003000.000,66539000.000,59444000.000,46506000.000
DebtInstrumentIncreaseAdditionalBorrowings,,,,,500000.000,,800000.000,,,,,,,,,,,,,,,,
DebtInstrumentInterestRateDuringPeriod,,,,,0.121,,0.121,,,,,,,,,,,,,,,,
DebtInstrumentPeriodicPayment,,,,,13089.000,,19426.000,,,,,,,,,,,,,,,,
DebtIssuanceCosts,,,,,,,,,,,,,,,,,,,10000000.000,,,,
DepreciationAndAmortization,,,404000.000,,,,449000.000,,,,980000.000,,,,1309000.000,,,,1954000.000,,,,2111000.000
EarningsPerShareBasicAndDiluted,-0.040,-0.030,-0.060,-0.050,-0.050,-0.060,-0.070,-0.080,-0.090,-0.070,-0.070,-0.080,-0.080,-0.140,-0.100,-0.080,-0.120,-0.300,-0.290,-0.290,-0.240,-0.210,-0.160
EffectOfExchangeRateOnCashAndCashEquivalents,,,,,,,,,,,10000.000,,,,-79000.000,,,,37000.000,,,,31000.000
GainLossOnDerivativeInstrumentsNetPretax,,,101000.000,-101000.000,-401000.000,502000.000,,267000.000,,,,,,,,,,,,,,,
GainLossOnSaleOfPropertyPlantEquipment,,,,,,,17000.000,,,,-3000.000,,,,,,,,,,,,-65000.000
GeneralAndAdministrativeExpense,3338000.000,2737000.000,3246000.000,2664000.000,2381000.000,2697000.000,2694000.000,4012000.000,3857000.000,4256000.000,4308000.000,5806000.000,4757000.000,5057000.000,5843000.000,7088000.000,9060000.000,8851000.000,10528000.000,14099000.000,13556000.000,8344000.000,8852000.000
GoodwillForeignCurrencyTranslationGainLoss,,,,,,,,,,,,,,,,,,,,,,,268000.000
GoodwillTranslationAdjustments,,,,,,,,,,,-86000.000,,,,-1948000.000,,,,701000.000,,,,
IncomeLossFromContinuingOperationsBeforeIncomeTaxesMinorityInterestAndIncomeLossFromEquityMethodInvestments,-4581000.000,-3212000.000,,-5920000.000,-7217000.000,,-9979000.000,-12628000.000,-15300000.000,-14051000.000,-13810000.000,-17864000.000,-19727000.000,-31546000.000,,,,,,,,,
IncomeTaxExpenseBenefit,412000.000,0.000,,,,,17000.000,5000.000,,,,,,,,,,,,,,,
IncreaseDecreaseInAccountsPayableAndAccruedLiabilities,,,40000.000,,,,-1590000.000,,,,-4007000.000,,,,-7574000.000,,,,1482000.000,,,,-4867000.000
IncreaseDecreaseInAccountsReceivable,,,-240000.000,,,,1591000.000,,,,2559000.000,,,,-1018000.000,,,,-1926000.000,,,,
IncreaseDecreaseInDeferredRevenue,,,,,,,-180000.000,,,,-215000.000,,,,107000.000,,,,-1644000.000,,,,-5399000.000
IncreaseDecreaseInFairValueOfUnhedgedDerivativeInstruments,1304000.000,736000.000,,,,,,,,,,,,,,,,,,,,,
IncreaseDecreaseInOtherNoncurrentLiabilities,,,1000000.000,,,,703000.000,,,,,,,,,,,,,,,,1248000.000
IncreaseDecreaseInOtherOperatingLiabilities,,,,,,,,,,,,,,,,,,,-1535000.000,,,,543000.000
IncreaseDecreaseInPrepaidDeferredExpenseAndOtherAssets,,,-183000.000,,,,-54000.000,,,,1516000.000,,,,2491000.000,,,,1289000.000,,,,-1093000.000
IncreaseDecreaseInRestrictedCash,,,,,,,-769000.000,,,,-1081000.000,,,,-297000.000,,,,-1278000.000,,,,-5880000.000
IncreaseDecreaseInUnbilledReceivables,,,-427000.000,,,,1000.000,,,,1125000.000,,,,1096000.000,,,,,,,,
InterestExpense,2000.000,2000.000,3000.000,3000.000,6000.000,20000.000,22000.000,45000.000,64000.000,29000.000,52000.000,51000.000,47000.000,7000.000,36000.000,26000.000,64000.000,115000.000,2430000.000,3512000.000,3511000.000,3512000.000,3513000.000
InterestExpenseDebt,,,,,,,,,,,,,,,,,,,2336000.000,3403000.000,3403000.000,3403000.000,3403000.000
InterestExpenseDebtExcludingAmortization,,,,,,,,,,,,,,,,,,,2099000.000,3047000.000,3047000.000,3047000.000,3047000.000
InterestPaid,,,,,,,20000.000,,,,52000.000,,,,31000.000,,,,12000.000,,,,6094000.000
InvestmentIncomeNet,38000.000,22000.000,33000.000,39000.000,39000.000,54000.000,48000.000,48000.000,53000.000,38000.000,12000.000,20000.000,128000.000,126000.000,121000.000,134000.000,194000.000,211000.000,473000.000,670000.000,554000.000,446000.000,474000.000
LeaseAndRentalExpense,,,,,,,,,,,,,,,-195000.000,,,,-193000.000,,,,
MarketableSecuritiesRealizedGainLoss,,,,,,,,,,,615000.000,,,,0.000,0.000,0.000,0.000,,,,,
NetCashProvidedByUsedInFinancingActivities,,,7259000.000,,,,7181000.000,,,,1170000.000,,,,195496000.000,,,,278351000.000,,,,15364000.000
NetCashProvidedByUsedInFinancingActivitiesContinuingOperations,,,7259000.000,,,,7181000.000,,,,1170000.000,,,,195496000.000,,,,278351000.000,,,,15364000.000
NetCashProvidedByUsedInInvestingActivities,,,-3270000.000,,,,-4974000.000,,,,9701000.000,,,,17788000.000,,,,-169440000.000,,,,-25284000.000
NetCashProvidedByUsedInInvestingActivitiesContinuingOperations,,,-3270000.000,,,,-4974000.000,,,,9701000.000,,,,17788000.000,,,,-169440000.000,,,,-25284000.000
NetCashProvidedByUsedInOperatingActivities,,,-4220000.000,,,,-10583000.000,,,,-20431000.000,,,,-30490000.000,,,,-69831000.000,,,,-38617000.000
NetCashProvidedByUsedInOperatingActivitiesContinuingOperations,,,-4220000.000,,,,-10583000.000,,,,-20431000.000,,,,-30490000.000,,,,-69831000.000,,,,-38617000.000
NetIncomeLoss,-4993000.000,-3212000.000,-7336000.000,-5920000.000,-7217000.000,-8034000.000,-9996000.000,-12633000.000,-15300000.000,-14054000.000,-13810000.000,-17864000.000,-19727000.000,-31546000.000,-24370000.000,-20641000.000,-33120000.000,-78806000.000,-77252000.000,-79351000.000,-66254000.000,-57109000.000,-43854000.000
OperatingExpenses,8922000.000,8976000.000,,,,,,,,,,,,,,,,,,,,,
OperatingIncomeLoss,-5921000.000,-3968000.000,-7467000.000,-5855000.000,-6849000.000,-9494000.000,-10005000.000,-12898000.000,-15279000.000,-14252000.000,-14385000.000,-17851000.000,-19789000.000,-31666000.000,-24313000.000,-20821000.000,-33199000.000,-78903000.000,-75262000.000,-76498000.000,-63308000.000,-54045000.000,-40826000.000
OtherComprehensiveIncomeForeignCurrencyTransactionAndTranslationAdjustmentNetOfTaxPortionAttributableToParent,,,,,,,,,509000.000,,-133000.000,-1410000.000,-2764000.000,-2457000.000,-3194000.000,1042000.000,-406000.000,-3000.000,1259000.000,-1571000.000,-540000.000,-1892000.000,480000.000
OtherComprehensiveIncomeLossNetOfTaxPortionAttributableToParent,,,,,,,,,476000.000,,-749000.000,-1383000.000,-2818000.000,-2494000.000,-3151000.000,1046000.000,-358000.000,-56000.000,1576000.000,-1596000.000,-661000.000,-2009000.000,479000.000
OtherComprehensiveIncomeLossReclassificationAdjustmentFromAOCIForSaleOfSecuritiesNetOfTax,,,,,,,,,,,615000.000,,,,0.000,0.000,0.000,0.000,,,,,
OtherComprehensiveIncomeUnrealizedHoldingGainLossOnSecuritiesArisingDuringPeriodNetOfTax,,,144000.000,-36000.000,96000.000,-606000.000,39000.000,168000.000,-33000.000,12000.000,-1000.000,27000.000,-54000.000,-37000.000,43000.000,4000.000,48000.000,-53000.000,317000.000,-25000.000,-121000.000,-117000.000,-1000.000
OtherNoncashIncomeExpense,,,-336000.000,,,,-240000.000,,,,-213000.000,,,,-146000.000,,,,-98000.000,,,,0.000
OtherNonoperatingExpense,,,,,,,,,10000.000,,,,,,,,,,,,,,
OtherNonoperatingIncome,,,,,,,,,,,,18000.000,,,,,,,,,,,
OtherNonoperatingIncomeExpense,,,,,,,,,,,,,-19000.000,,-142000.000,72000.000,-51000.000,1000.000,-33000.000,-11000.000,11000.000,2000.000,11000.000
PaymentsForProceedsFromTenantAllowance,,,,,,,700000.000,,,,,,,,,,,,,,,,
PaymentsOfDebtIssuanceCosts,,,,,,,,,,,,,,,,,,,9966000.000,,,,0.000
PaymentsOfStockIssuanceCosts,,,100000.000,,,,200000.000,,,,,,,,11600000.000,,,,,,,,
PaymentsToAcquireAvailableForSaleSecurities,,,2498000.000,,,,8718000.000,,,,,,,,,,,,,,,,
PaymentsToAcquireMarketableSecurities,,,,,,,,,,,,,,,6798000.000,,,,246580000.000,,,,110330000.000
PaymentsToAcquireProductiveAssets,,,772000.000,,,,1542000.000,,,,889000.000,,,,4864000.000,,,,5517000.000,,,,1084000.000
ProceedsFromConvertibleDebt,,,,,,,,,,,,,,,,,,,325000000.000,,,,0.000
ProceedsFromIssuanceOfCommonStock,,,7923000.000,,,,6425000.000,,,,,,,,193619000.000,,,,0.000,,,,14585000.000
ProceedsFromIssuanceOfUnsecuredDebt,,,,,,,,,,,,,,,,,,,315000000.000,,,,
ProceedsFromIssuanceOrSaleOfEquity,,,,,,,6400000.000,,,,,,,,,,,,,,,,
ProceedsFromNotesPayable,,,100000.000,,,,809000.000,,,,,,,,,,,,,,,,
ProceedsFromRepaymentsOfNotesPayable,,,-13000.000,,,,-39000.000,,,,-168000.000,,,,-164000.000,,,,-143000.000,,,,0.000
ProceedsFromRepaymentsOfRestrictedCashFinancingActivities,,,-755000.000,,,,-1000.000,,,,-1000.000,,,,0.000,,,,,,,,
ProceedsFromSaleAndMaturityOfAvailableForSaleSecurities,,,,,,,5235000.000,,,,10590000.000,,,,29450000.000,,,,82657000.000,,,,86130000.000
ProceedsFromSaleOfPropertyPlantAndEquipment,,,,,,,51000.000,,,,,,,,,,,,,,,,
ProceedsFromStockOptionsExercised,,,4000.000,,,,1000.000,,,,1345000.000,,,,2057000.000,,,,2000000.000,,,,797000.000
RelatedPartyTransactionAmountsOfTransaction,,,,,,,,,,,,,,,,,,,300000.000,,,,100000.000
RepaymentsOfLongTermCapitalLeaseObligations,,,,,,,14000.000,,,,6000.000,,,,16000.000,,,,19000.000,,,,18000.000
ResearchAndDevelopmentExpense,5584000.000,6239000.000,5077000.000,5176000.000,6395000.000,9413000.000,9432000.000,10785000.000,13948000.000,16143000.000,14518000.000,15202000.000,19219000.000,30496000.000,25888000.000,25042000.000,27917000.000,83797000.000,68952000.000,64904000.000,52983000.000,51100000.000,37654000.000
Revenues,,,,,5765000.000,,3833000.000,3531000.000,4802000.000,8749000.000,7462000.000,8259000.000,8214000.000,6724000.000,9877000.000,13996000.000,6525000.000,5852000.000,4218000.000,2505000.000,3231000.000,5399000.000,5680000.000
SalesRevenueNet,,,,,5765000.000,,3833000.000,3531000.000,4802000.000,8749000.000,7462000.000,8259000.000,8214000.000,6724000.000,9877000.000,13996000.000,6525000.000,5852000.000,4218000.000,2505000.000,3231000.000,5399000.000,5680000.000
ShareBasedCompensation,,,587000.000,,,,483000.000,,,,1040000.000,,,,1932000.000,,,,4961000.000,,,,4213000.000
ShareBasedCompensationArrangementByShareBasedPaymentAwardEquityInstrumentsOtherThanOptionsForfeitedInPeriod,,,,,,,,,,,,,,,0.000,,,,25000.000,,,,0.000
ShareBasedCompensationArrangementByShareBasedPaymentAwardEquityInstrumentsOtherThanOptionsForfeituresWeightedAverageGrantDateFairValue,,,,,,,,,,,,,,,0.000,,,,8.720,,,,0.000
ShareBasedCompensationArrangementByShareBasedPaymentAwardEquityInstrumentsOtherThanOptionsGrantsInPeriod,,,,,,,,,,,,,,,0.000,,,,45000.000,,,,0.000
ShareBasedCompensationArrangementByShareBasedPaymentAwardEquityInstrumentsOtherThanOptionsGrantsInPeriodWeightedAverageGrantDateFairValue,,,,,,,,,,,,,,,0.000,,,,4.990,,,,0.000
ShareBasedCompensationArrangementByShareBasedPaymentAwardEquityInstrumentsOtherThanOptionsVestedInPeriod,,,,,,,,,,,,,,,0.000,,,,0.000,,,,26250.000
ShareBasedCompensationArrangementByShareBasedPaymentAwardEquityInstrumentsOtherThanOptionsVestedInPeriodWeightedAverageGrantDateFairValue,,,,,,,,,,,,,,,0.000,,,,0.000,,,,4.990
ShareBasedCompensationArrangementByShareBasedPaymentAwardFairValueAssumptionsExpectedDividendRate,,,,0.000,0.000,,0.000,0.000,0.000,0.000,0.000,0.000,0.000,0.000,0.000,0.000,0.000,0.000,0.000,0.000,0.000,0.000,0.000
ShareBasedCompensationArrangementByShareBasedPaymentAwardFairValueAssumptionsExpectedVolatilityRateMaximum,,,,0.755,0.767,,0.737,0.660,0.625,-1.285,0.679,0.538,0.542,-1.080,0.539,0.684,0.572,-1.111,0.683,0.590,0.590,-0.774,1.095
ShareBasedCompensationArrangementByShareBasedPaymentAwardFairValueAssumptionsExpectedVolatilityRateMinimum,,,,0.755,0.766,,0.692,0.558,0.568,-1.303,0.525,0.529,0.527,-1.056,0.536,0.542,0.549,-1.091,0.579,0.581,0.586,-1.167,0.889
ShareBasedCompensationArrangementByShareBasedPaymentAwardFairValueAssumptionsRiskFreeInterestRate,,,,,0.005,,,,,,,,,,0.012,,,,,,,,
ShareBasedCompensationArrangementByShareBasedPaymentAwardFairValueAssumptionsRiskFreeInterestRateMaximum,,,,,,,0.013,0.010,0.014,-0.023,0.022,0.014,0.015,-0.029,,0.021,0.014,,0.017,0.011,0.011,-0.021,0.023
ShareBasedCompensationArrangementByShareBasedPaymentAwardFairValueAssumptionsRiskFreeInterestRateMinimum,,,,0.006,,,0.006,0.005,0.011,-0.017,0.012,0.013,0.014,-0.027,,0.014,0.013,,0.013,0.011,0.010,-0.024,0.017
ShareBasedCompensationArrangementByShareBasedPaymentAwardOptionsExercisesInPeriodTotalIntrinsicValue,,,,,,,100000.000,,,,1400000.000,,,,3800000.000,,,,1800000.000,,,,100000.000
ShareBasedCompensationArrangementByShareBasedPaymentAwardOptionsGrantsInPeriodWeightedAverageGrantDateFairValue,,,,0.710,1.090,,1.000,1.010,1.410,-2.350,2.630,1.920,1.920,-4.080,2.920,4.420,4.700,-7.660,2.450,2.990,3.340,-6.900,1.130
StockIssuedDuringPeriodSharesNewIssues,,,,,,,3300000.000,,,,,,,,,,,,,,,,10700000.000
WeightedAverageNumberOfShareOutstandingBasicAndDiluted,,,,126925000.000,134178.000,,148448.000,152312.000,168537.000,-299639.000,208927.000,217178.000,238304.000,-438561.000,241223.000,268083000.000,269554000.000,-275630223.000,270179000.000,270760.000,271064.000,-270450022.000,274178.000
