,2011-03-31,2011-06-30,2011-09-30,2011-12-31,2012-03-31,2012-06-30,2012-09-30,2012-12-31,2013-03-31,2013-06-30,2013-09-30,2013-12-31,2014-03-31,2014-06-30,2014-09-30,2014-12-31,2015-03-31,2015-06-30,2015-09-30,2015-12-31,2016-03-31,2016-06-30,2016-09-30,2016-12-31,2017-03-31,2017-06-30
AdjustmentForAmortization,291000.000,,,,,,,,,,,,,,,,,,,,,,,,,
AdjustmentsToAdditionalPaidInCapitalIncomeTaxDeficiencyFromShareBasedCompensation,,,,,,,,,,,,,,,,,,,,,-68000.000,,,,,
AdjustmentsToAdditionalPaidInCapitalTaxEffectFromShareBasedCompensation,,,,,500000.000,,,,553000.000,,,,329000.000,,,,-68000.000,,,,,,,,,
AmortizationOfDebtDiscountPremium,2223000.000,,,,,,,,,,,,,,,,,,,,,,,,,
AmortizationOfFinancingCosts,,,,,120000.000,,,,,,,,,,,,,,,,,,,,,
AmortizationOfIntangibleAssets,,298000.000,278000.000,,287000.000,289000.000,289000.000,290000.000,302000.000,308000.000,357000.000,336000.000,291000.000,291000.000,483000.000,334000.000,221000.000,178000.000,215000.000,298000.000,220000.000,220000.000,176000.000,227000.000,225000.000,209000.000
BusinessExitCosts1,,,,,,,,,,,,,,,,,500000.000,,,,,,,,,
CapitalExpendituresIncurredButNotYetPaid,,,,,-2133000.000,,,,,,,,,,,,,,,,,,,,,
CashAndCashEquivalentsPeriodIncreaseDecrease,-53869000.000,,,,-5795000.000,,,,3701000.000,,,,-1835000.000,,,,-4213000.000,,,,-5829000.000,,,,-422000.000,
ChangeInUnrealizedGainLossOnFairValueHedgingInstruments1,,,,,,,,,,,,,,,,,-1140000.000,735000.000,-1475000.000,,-1620000.000,-800000.000,199000.000,,81000.000,-278000.000
CommonStockDividendsPerShareCashPaid,0.250,0.250,0.250,0.250,0.280,0.280,0.280,0.280,0.320,0.320,0.320,0.320,0.500,0.500,0.500,0.500,0.550,0.550,0.550,0.550,0.550,0.550,0.550,0.550,0.550,0.550
CommonStockDividendsPerShareDeclared,,0.250,0.250,,0.280,0.280,0.280,,0.320,0.320,0.320,,0.500,0.500,0.500,,0.550,0.550,0.550,,0.550,0.550,0.550,,0.550,0.550
ComprehensiveIncomeNetOfTax,,,,,53965000.000,52929000.000,54416000.000,48087000.000,56617000.000,59777000.000,61997000.000,64207000.000,61150000.000,63820000.000,66584000.000,62663000.000,30609000.000,36080000.000,32735000.000,16779000.000,14290000.000,16349000.000,17082000.000,16884000.000,17887000.000,22669000.000
ComprehensiveIncomeNetOfTaxAttributableToNoncontrollingInterest,,,,,,,,,,,,,,362000.000,153000.000,,-357000.000,76000.000,190000.000,,35000.000,-89000.000,108000.000,,24000.000,19000.000
ComprehensiveIncomeNetOfTaxIncludingPortionAttributableToNoncontrollingInterest,,40460000.000,45185000.000,,53944000.000,52964000.000,54562000.000,48468000.000,56833000.000,60043000.000,61906000.000,64199000.000,61239000.000,64182000.000,66737000.000,63200000.000,30252000.000,36156000.000,32925000.000,16955000.000,14325000.000,16260000.000,17190000.000,16794000.000,17911000.000,22688000.000
CostOfGoodsSoldExcludingDepreciationDepletionAndAmortization,,,,,,,,,53492000.000,53842000.000,57340000.000,53331000.000,51098000.000,56452000.000,53010000.000,55223000.000,41479000.000,36157000.000,34933000.000,32344000.000,27520000.000,26650000.000,26734000.000,30052000.000,30971000.000,36687000.000
CostOfServicesExcludingDepreciationDepletionAndAmortization,,,,,,,,,110153000.000,109661000.000,110087000.000,115062000.000,110571000.000,111706000.000,113917000.000,113294000.000,102795000.000,98462000.000,94117000.000,92365000.000,85294000.000,83349000.000,80419000.000,82626000.000,83601000.000,80431000.000
DeferredIncomeTaxExpenseBenefit,-6831000.000,,,,-1091000.000,,,,975000.000,,,,-2818000.000,,,,1996000.000,,,,-923000.000,,,,6603000.000,
DefinedBenefitPlanAmortizationOfGainsLosses,,,,,,,,,,,,,135000.000,135000.000,135000.000,-945000.000,-183000.000,-184000.000,-181000.000,-179000.000,-148000.000,-148000.000,-148000.000,-149000.000,-111000.000,-110000.000
DefinedBenefitPlanAmortizationOfPriorServiceCostCredit,,,,,,,,,,,,,-2000.000,-1000.000,-2000.000,12000.000,-19000.000,-19000.000,-21000.000,-26000.000,-19000.000,-19000.000,-20000.000,-23000.000,-19000.000,-19000.000
DefinedBenefitPlanAmortizationOfTransitionObligationsAssets,,,,,,,,,,,,,22000.000,22000.000,21000.000,-152000.000,-22000.000,-22000.000,-22000.000,-30000.000,0.000,0.000,0.000,0.000,,
DefinedBenefitPlanContributionsByEmployer,,,,,1000000.000,1600000.000,,,1900000.000,,,,1100000.000,,,,800000.000,,,,1000000.000,,,,1100000.000,
DefinedBenefitPlanExpectedReturnOnPlanAssets,,,,,,,,,,,,,334000.000,335000.000,326000.000,308000.000,256000.000,243000.000,249000.000,238000.000,275000.000,287000.000,279000.000,276000.000,233000.000,228000.000
DefinedBenefitPlanInterestCost,,,,,,,,,,,,,450000.000,452000.000,439000.000,415000.000,309000.000,294000.000,301000.000,288000.000,327000.000,342000.000,332000.000,328000.000,275000.000,268000.000
DefinedBenefitPlanNetPeriodicBenefitCost,,,,,,,,,,,,,601000.000,603000.000,590000.000,564000.000,658000.000,634000.000,643000.000,604000.000,539000.000,559000.000,545000.000,537000.000,509000.000,497000.000
DefinedBenefitPlanServiceCost,,,,,,,,,,,,,370000.000,372000.000,361000.000,342000.000,463000.000,440000.000,453000.000,431000.000,358000.000,375000.000,364000.000,359000.000,375000.000,366000.000
DepreciationDepletionAndAmortization,5831000.000,5805000.000,5738000.000,5929000.000,5883000.000,5077000.000,6459000.000,5498000.000,6025000.000,5964000.000,6753000.000,6729000.000,6633000.000,6318000.000,6845000.000,6900000.000,6566000.000,6930000.000,6910000.000,7051000.000,6847000.000,6751000.000,6724000.000,6550000.000,6427000.000,6302000.000
DerivativeInstrumentsLossReclassifiedFromAccumulatedOCIIntoIncomeEffectivePortion,,,,,,,,,,,,,,,,,-243000.000,-245000.000,-246000.000,,-213000.000,-211000.000,-207000.000,,-167000.000,
Dividends,,,,,-13334000.000,,,,-14820000.000,,,,22491000.000,,,,23940000.000,,,,23306000.000,,,,24284000.000,
EarningsPerShareBasic,1.020,0.880,0.960,1.130,1.130,1.110,1.150,1.190,1.220,1.300,1.360,1.430,1.360,1.430,1.510,1.500,0.720,0.810,0.790,0.370,0.360,0.380,0.380,0.350,0.400,0.510
EarningsPerShareDiluted,0.940,0.830,0.930,1.120,1.130,1.110,1.140,1.160,1.220,1.290,1.350,1.420,1.350,1.420,1.500,1.500,0.720,0.810,0.780,0.370,0.350,0.380,0.380,0.350,0.400,0.510
EffectiveIncomeTaxRateContinuingOperations,,0.267,0.245,,0.248,0.243,0.255,,0.261,0.247,0.249,,0.240,0.212,0.230,,0.230,0.225,0.225,,0.225,0.039,0.110,,0.140,0.150
EscrowDepositDisbursementsRelatedToPropertyAcquisition1,,,,,,,,,,,,,1200000.000,,,,0.000,,,,,,,,,
ExcessTaxBenefitFromShareBasedCompensationFinancingActivities,0.000,,,,500000.000,,,,553000.000,,,,329000.000,,,,-68000.000,,,,-68000.000,,,,0.000,
ForeignCurrencyTransactionGainLossBeforeTax,,-9.000,1522.000,,-1025.000,1355.000,-610.000,142280.000,891.000,1631.000,518.000,4335960.000,1600000.000,-1300.000,1858000.000,773300.000,840000.000,1002000.000,2612000.000,53000.000,779000.000,433000.000,220000.000,400000.000,97000.000,358000.000
GainLossOnDispositionOfAssets1,,,,,,,,,,,,,-118000.000,,,,-135000.000,-127000.000,-100000.000,,-366000.000,-122000.000,-56000.000,,,
GainLossOnSaleOfPropertyPlantEquipment,-63000.000,,,,86000.000,,,,,,,,,,,,,,,,,,,,,
GainOnBusinessInterruptionInsuranceRecovery,,,,,,,,,,,,,0.000,,,,,,,,,,,,,
GainsLossesOnExtinguishmentOfDebt,-629000.000,-210000.000,-31000.000,-142000.000,0.000,0.000,0.000,0.000,,,,,,,,,,,,,,,,,,
GoodwillAcquiredDuringPeriod,,,,,,600000.000,,,,,,,,,,,,,,,,,,,,
IncomeLossFromContinuingOperationsBeforeIncomeTaxesMinorityInterestAndIncomeLossFromEquityMethodInvestments,53510000.000,55094000.000,59708000.000,70530000.000,71716000.000,69948000.000,73220000.000,73576000.000,76768000.000,79606000.000,82294000.000,85434000.000,80464000.000,81340000.000,86559000.000,87568000.000,40314000.000,44777000.000,43347000.000,20252000.000,19506000.000,17206000.000,18919000.000,18976000.000,20561000.000,26715000.000
IncomeLossFromEquityMethodInvestments,,,,,,,,,,,,,-78000.000,,,,-44000.000,-36000.000,-131000.000,,-188000.000,-136000.000,-126000.000,,,
IncomeLossFromEquityMethodInvestmentsNetOfDividendsOrDistributions,-27000.000,,,,66000.000,,,,,,,,,,,,,,,,,,,,,
IncomeTaxExpenseBenefit,7518000.000,14710000.000,14599000.000,17371000.000,17786000.000,16997000.000,18671000.000,18394000.000,20036000.000,19664000.000,20490000.000,20718000.000,19311000.000,17244000.000,19909000.000,20841000.000,9272000.000,10075000.000,9753000.000,4658000.000,4389000.000,671000.000,2081000.000,3607000.000,2879000.000,4006000.000
IncreaseDecreaseInAccountsPayable,4039000.000,,,,-7315000.000,,,,-681000.000,,,,915000.000,,,,1635000.000,,,,1819000.000,,,,4576000.000,
IncreaseDecreaseInAccountsReceivable,-3151000.000,,,,-2195000.000,,,,14811000.000,,,,7098000.000,,,,-36884000.000,,,,-23895000.000,,,,7525000.000,
IncreaseDecreaseInAccruedLiabilities,11346000.000,,,,-2144000.000,,,,4638000.000,,,,9670000.000,,,,-10515000.000,,,,-3222000.000,,,,-3590000.000,
IncreaseDecreaseInDeferredRevenue,,,,,6603000.000,,,,6867000.000,,,,,,,,3768000.000,,,,170000.000,,,,3609000.000,
IncreaseDecreaseInInsuranceAssets,,,,,1661000.000,,,,1368000.000,,,,401000.000,,,,816000.000,,,,568000.000,,,,-946000.000,
IncreaseDecreaseInInventories,-4744000.000,,,,5055000.000,,,,1876000.000,,,,4157000.000,,,,5937000.000,,,,916000.000,,,,3898000.000,
IncreaseDecreaseInOtherOperatingAssets,-4000.000,,,,932000.000,,,,-403000.000,,,,-639000.000,,,,-1043000.000,,,,-1109000.000,,,,1001000.000,
IncreaseDecreaseInOtherOperatingLiabilities,3937000.000,,,,4724000.000,,,,2117000.000,,,,1081000.000,,,,-932000.000,,,,-1105000.000,,,,1285000.000,
IncreaseDecreaseInPrepaidDeferredExpenseAndOtherAssets,-2182000.000,,,,2822000.000,,,,-4360000.000,,,,5109000.000,,,,-8137000.000,,,,254000.000,,,,1647000.000,
IncrementalCommonSharesAttributableToCallOptionsAndWarrants,,1299000.000,0.000,,0.000,0.000,0.000,0.000,,,,,,,,,,,,,,,,,,
IncrementalCommonSharesAttributableToContingentlyIssuableShares,,68000.000,80000.000,,114000.000,133000.000,136000.000,-254000.000,80000.000,116000.000,135000.000,-212000.000,100000.000,111000.000,121000.000,-222000.000,64000.000,104000.000,114000.000,-184000.000,83000.000,127000.000,147000.000,-230000.000,138000.000,148000.000
IncrementalCommonSharesAttributableToConversionOfDebtSecurities,,1097000.000,1083000.000,,0.000,0.000,0.000,0.000,,,,,,,,,,,,,,,,,,
InterestExpense,2360000.000,2499000.000,3825000.000,2216000.000,2190000.000,2178000.000,2160000.000,2292000.000,2269000.000,2263000.000,2302000.000,2483000.000,2363000.000,2794000.000,2561000.000,2882000.000,2403000.000,3116000.000,3471000.000,3390000.000,3434000.000,3021000.000,2569000.000,2548000.000,2618000.000,2692000.000
InterestIncomeOther,,,,,,,,,,,,,-1000.000,,,,,,,,,,,,,
InventoryWriteDown,230000.000,,,,150000.000,,,,,,,,,,,,,,,,,,,,,
MinorityInterestDecreaseFromDistributionsToNoncontrollingInterestHolders,,,,,,,,,,,,,,,,,,,,,,,,,-27000.000,
NetCashProvidedByUsedInFinancingActivities,-107267000.000,,,,-51597000.000,,,,-54990000.000,,,,-56984000.000,,,,-76815000.000,,,,-48908000.000,,,,-23557000.000,
NetCashProvidedByUsedInFinancingActivitiesContinuingOperations,-107267000.000,,,,-51597000.000,,,,-54990000.000,,,,-56984000.000,,,,-76815000.000,,,,-48908000.000,,,,-23557000.000,
NetCashProvidedByUsedInInvestingActivities,4624000.000,,,,-7987000.000,,,,-9567000.000,,,,-10475000.000,,,,-6976000.000,,,,-3018000.000,,,,-6626000.000,
NetCashProvidedByUsedInInvestingActivitiesContinuingOperations,4624000.000,,,,-7987000.000,,,,-9567000.000,,,,-10475000.000,,,,-6976000.000,,,,-3018000.000,,,,-6626000.000,
NetCashProvidedByUsedInOperatingActivities,58022000.000,,,,53789000.000,,,,68258000.000,,,,65624000.000,,,,79578000.000,,,,46097000.000,,,,29761000.000,
NetCashProvidedByUsedInOperatingActivitiesContinuingOperations,58022000.000,,,,53789000.000,,,,68258000.000,,,,65624000.000,,,,79578000.000,,,,46097000.000,,,,29761000.000,
NetIncomeLoss,46290000.000,40451000.000,44867000.000,53076000.000,,,,,,,,,61064000.000,63734000.000,66497000.000,66190000.000,31399000.000,34626000.000,33404000.000,15418000.000,15082000.000,16624000.000,16730000.000,15459000.000,17658000.000,22690000.000
NetIncomeLossAttributableToNoncontrollingInterest,-298000.000,-67000.000,242000.000,83000.000,,,,,,,,,89000.000,362000.000,153000.000,537000.000,-357000.000,76000.000,190000.000,176000.000,35000.000,-89000.000,108000.000,-90000.000,24000.000,19000.000
NewAccountingPronouncementOrChangeInAccountingPrincipleEffectOfAdoptionQuantification,,,,,,,,,,,,,,,,,,,,,,,,,0.000,
OtherComprehensiveIncomeAmortizationOfDefinedBenefitPlanNetPriorServiceCostRecognizedInNetPeriodicPensionCostNetOfTax,,76000.000,76000.000,,14000.000,,,,,,,,,,,,,,,,,,,,,
OtherComprehensiveIncomeDefinedBenefitPlansTax,,,,,-4000.000,-5000.000,-5000.000,,,,,,,,,,,,,,,,,,,
OtherComprehensiveIncomeLossAmortizationAdjustmentFromAOCIPensionAndOtherPostretirementBenefitPlansForNetPriorServiceCostCreditNetOfTax,,,,,,,,,,,,,86000.000,,,,105000.000,,,,97000.000,,,,68000.000,
OtherComprehensiveIncomeLossAmortizationPensionAndOtherPostretirementBenefitPlansNetPriorServiceCostRecognizedInNetPeriodicPensionCostNetOfTax,,,,,,,,,101000.000,,,,,,,,,,,,,,,,,
OtherComprehensiveIncomeLossDerivativesQualifyingAsHedgesTax,,,,,,,,,,,,,,,,,,,,,,,,,,-48000.000
OtherComprehensiveIncomeLossNetOfTax,,,,,,,,,,,,,,,,,-790000.000,1454000.000,-669000.000,-1351000.000,-792000.000,-275000.000,352000.000,5000.000,229000.000,-21000.000
OtherComprehensiveIncomeLossPensionAndOtherPostretirementBenefitPlansAdjustmentNetOfTax,,,,,,,,,,,,,,,,,107000.000,107000.000,105000.000,-197000.000,97000.000,97000.000,96000.000,81000.000,68000.000,69000.000
OtherComprehensiveIncomeLossPensionAndOtherPostretirementBenefitPlansTax,,,,,,,,,-34000.000,-34000.000,-33000.000,172000.000,-29000.000,-28000.000,-29000.000,815000.000,35000.000,36000.000,33000.000,-528000.000,32000.000,32000.000,32000.000,-220000.000,24000.000,22000.000
OtherComprehensiveIncomeLossReclassificationAdjustmentFromAOCIOnDerivativesBeforeTax,,,,,,,,,,,,,,,,,,,,,,,,,,140000.000
OtherComprehensiveIncomeLossReclassificationAdjustmentFromAOCIOnDerivativesTax,,,,,,,,,,,,,,,,,,367000.000,455000.000,,518000.000,217000.000,-150000.000,,-87000.000,
OtherComprehensiveIncomeUnrealizedGainLossOnDerivativesArisingDuringPeriodNetOfTax,,,,,,,,,,,,,,,,,-897000.000,1347000.000,-774000.000,,-889000.000,-372000.000,256000.000,,161000.000,-90000.000
OtherIncome,,,,,,,,,,,,,1255000.000,,,,322000.000,1813000.000,2332000.000,,-4000.000,-47000.000,-288000.000,,873000.000,
OtherNoncashIncomeExpense,,,,,,,,,278000.000,,,,163000.000,,,,-1499000.000,,,,1334000.000,,,,-571000.000,
OtherNonoperatingIncomeExpense,,,,,,,,,,,,,,,,,,,,,,,,,,24000.000
OtherOperatingIncome,1871000.000,,,,,,,,,,,,,,,,,,,,,,,,,
OtherOperatingIncomeExpenseNet,,-147000.000,-548000.000,,4912000.000,-3218000.000,2256000.000,-8071000.000,589000.000,-630000.000,-41000.000,-256000.000,-1255000.000,2196000.000,-927000.000,-1083000.000,-322000.000,-1813000.000,-2332000.000,798000.000,4000.000,47000.000,288000.000,5000.000,-873000.000,24000.000
PaymentsForProceedsFromLifeInsurancePolicies,756000.000,,,,679000.000,,,,654000.000,,,,1834000.000,,,,647000.000,,,,532000.000,,,,399000.000,
PaymentsForRepurchaseOfCommonStock,49805000.000,,,,12889000.000,,,,47745000.000,,,,46811000.000,,,,69633000.000,,,,696000.000,,,,1273000.000,
PaymentsOfDebtIssuanceCosts,2000.000,,,,7000.000,,,,0.000,,,,,,,,174000.000,,,,0.000,,,,,
PaymentsOfDividends,11304000.000,,,,13334000.000,,,,14820000.000,,,,22491000.000,,,,23940000.000,,,,23306000.000,,,,24284000.000,
PaymentsOfDividendsMinorityInterest,240000.000,,,,0.000,,,,,,,,,,,,,,,,,,,,,
PaymentsToAcquireBusinessesNetOfCashAcquired,0.000,,,,,,,,,,,,,,,,,,,,,,,,,
PaymentsToAcquireIntangibleAssets,30000.000,,,,147000.000,,,,847000.000,,,,0.000,,,,186000.000,,,,36000.000,,,,102000.000,
PaymentsToAcquirePropertyPlantAndEquipment,4379000.000,7605000.000,6219000.000,11724000.000,7297000.000,7597000.000,9260000.000,6997000.000,8443000.000,9492000.000,9053000.000,8428000.000,7668000.000,12119000.000,7837000.000,8962000.000,6869000.000,5441000.000,5966000.000,4521000.000,2858000.000,2444000.000,2438000.000,3616000.000,6449000.000,2913000.000
PensionAndOtherPostretirementBenefitExpense,76000.000,,,,14000.000,,,,,,,,,,,,,,,,,,,,,
ProceedsFromInsuranceSettlementInvestingActivities,,,,,0.000,,,,,,,,,,,,,,,,,,,,,
ProceedsFromIssuanceOfDebt,,,,,1000000.000,,,,25000000.000,,,,40000000.000,,,,35000000.000,,,,13000000.000,,,,51000000.000,
ProceedsFromMinorityShareholders,435000.000,,,,0.000,,,,,,,,,,,,,,,,,,,,,
ProceedsFromSaleOfProductiveAssets,64000.000,,,,,,,,,,,,,,,,,,,,,,,,,
ProceedsFromSaleOfPropertyPlantAndEquipment,,,,,136000.000,,,,377000.000,,,,227000.000,,,,726000.000,,,,408000.000,,,,324000.000,
ProceedsFromStockOptionsExercised,217000.000,,,,0.000,,,,35000.000,,,,0.000,,,,,,,,,,,,,
ProfitLoss,45992000.000,40384000.000,45109000.000,53159000.000,53930000.000,52951000.000,54549000.000,55182000.000,56732000.000,59942000.000,61804000.000,64716000.000,61153000.000,64096000.000,66650000.000,66727000.000,31042000.000,34702000.000,33594000.000,15594000.000,15117000.000,16535000.000,16838000.000,15369000.000,17682000.000,22709000.000
ProvisionForDoubtfulAccounts,-202000.000,,,,320000.000,,,,,,,,,,,,,,,,,,,,,
RepaymentsOfDebt,,,,,26867000.000,,,,18013000.000,,,,28011000.000,,,,18000000.000,,,,37838000.000,,,,49000000.000,
RepaymentsOfLongTermDebt,46568000.000,,,,,,,,,,,,,,,,,,,,,,,,,
RevenueFromRelatedParties,,0.000,0.000,,,,,,,,,,,,,,,,,,,,,,,
Revenues,206733000.000,225785000.000,231344000.000,,234191000.000,247006000.000,245428000.000,254455000.000,260927000.000,263139000.000,273163000.000,276279000.000,0.000,0.000,0.000,0.000,0.000,0.000,0.000,0.000,0.000,0.000,0.000,0.000,0.000,0.000
RevenuesFromTransactionsWithOtherOperatingSegmentsOfSameEntity,,0.000,0.000,,0.000,0.000,0.000,0.000,0.000,0.000,0.000,0.000,,,,,,,,,,,,,,
SalesRevenueGoodsNet,53619000.000,56029000.000,58574000.000,117674000.000,71522000.000,71257000.000,70963000.000,73443000.000,78446000.000,75463000.000,78896000.000,75275000.000,74168000.000,79263000.000,72557000.000,78362000.000,50669000.000,47028000.000,47137000.000,40732000.000,30877000.000,29897000.000,29346000.000,34362000.000,36871000.000,46664000.000
SalesRevenueNet,204862000.000,225785000.000,231344000.000,,234191000.000,247006000.000,245428000.000,254455000.000,260927000.000,263139000.000,273163000.000,276279000.000,262903000.000,267562000.000,276135000.000,278622000.000,213643000.000,203889000.000,197265000.000,182723000.000,153647000.000,148069000.000,143483000.000,149542000.000,157807000.000,163903000.000
SalesRevenueServicesNet,153114000.000,169756000.000,172770000.000,126112000.000,162669000.000,175749000.000,174465000.000,181012000.000,182481000.000,187676000.000,194267000.000,201004000.000,188735000.000,188299000.000,203578000.000,200260000.000,162974000.000,156861000.000,150128000.000,141991000.000,122770000.000,118172000.000,114137000.000,115180000.000,120936000.000,117239000.000
SeveranceCosts1,,,,,,,,,,,,,,,,,6400000.000,,,,,,,,,
ShareBasedCompensation,2522000.000,,,,4388000.000,,,,5138000.000,,,,5279000.000,,,,5208000.000,,,,5462000.000,,,,5723000.000,
StockIssuedDuringPeriodSharesTreasuryStockReissued,,,,,,,,,,,,,,,,,,,19139.000,,22156.000,11736.000,29028.000,,35222.000,11180.000
StockIssuedDuringPeriodValueShareBasedCompensation,,,,,4388000.000,,,,5138000.000,,,,5279000.000,,,,5208000.000,,,,5462000.000,,,,5723000.000,
StockIssuedDuringPeriodValueStockOptionsExercised,,,,,,,,,35000.000,,,,0.000,,,,,,,,,,,,,
StockRepurchasedAndRetiredDuringPeriodValue,,,,,,,,,,,,,0.000,,,,,,,,,,,,,
StockRepurchasedDuringPeriodValue,,,,,-12889000.000,,,,-47745000.000,,,,46811000.000,,,,72898000.000,,,,696000.000,,,,1273000.000,
TreasuryStockSharesAcquired,,23409.000,30798.000,,104279.000,299104.000,283513.000,,364541.000,377969.000,362776.000,,254340.000,455219.000,562913.000,,683290.000,359732.000,268594.000,,6365.000,,24795.000,,,58676.000
TreasuryStockValueAcquiredCostMethod,,2300000.000,3400000.000,,,37300000.000,33200000.000,,47700000.000,52700000.000,55900000.000,,46800000.000,78500000.000,85100000.000,,72900000.000,42900000.000,28700000.000,,700000.000,,2800000.000,,,6100000.000
UnrealizedGainLossOnSecurities,-889000.000,,,,,,,,,,,,,,,,,,,,,,,,,
WeightedAverageNumberOfDilutedSharesOutstanding,49141.000,48662000.000,48030000.000,-48348141.000,47945000.000,47791000.000,47528000.000,-95711000.000,46493000.000,46128000.000,45828000.000,-92455000.000,45182000.000,44910000.000,44381000.000,-89873000.000,43466000.000,42959000.000,42685000.000,-86202000.000,42520000.000,43505000.000,44320000.000,-86675000.000,44347000.000,44374000.000
WeightedAverageNumberOfSharesOutstandingBasic,45225.000,45945000.000,46606000.000,-46310225.000,47606000.000,47473000.000,47232000.000,-95100000.000,46201000.000,45841000.000,45526000.000,-91876000.000,44908000.000,44660000.000,44152000.000,-89358000.000,43340000.000,42790000.000,42517000.000,-85900000.000,42380000.000,43297000.000,44110000.000,-86308000.000,44159000.000,44164000.000
WeightedAverageNumberOfSharesRestrictedStock,,230000.000,249000.000,,213000.000,174000.000,149000.000,-335000.000,208000.000,171000.000,167000.000,-364000.000,174000.000,139000.000,108000.000,-293000.000,62000.000,65000.000,54000.000,-118000.000,57000.000,81000.000,63000.000,-137000.000,50000.000,62000.000
