,2011-03-31,2011-06-30,2011-09-30,2011-12-31,2012-03-31,2012-06-30,2012-09-30,2012-12-31,2013-03-31,2013-06-30,2013-09-30,2013-12-31,2014-03-31,2014-06-30,2014-09-30,2014-12-31,2015-03-31,2015-06-30,2015-09-30,2015-12-31,2016-03-31,2016-06-30,2016-09-30,2016-12-31,2017-03-31
AmortizationOfFinancingCosts,2298000.000,,,,2984000.000,,,,-23000000.000,,,,-16000000.000,,,,-13000000.000,,,,7000000.000,,,,
BusinessAcquisitionProFormaEarningsPerShareBasic,,0.170,-0.190,,,,,,,,,,,,,,,,,,,,,,
BusinessAcquisitionProFormaEarningsPerShareDiluted,,0.170,-0.190,,,,,,,,,,,,,,,,,,,,,,
BusinessAcquisitionProFormaNetIncomeLoss,,152874000.000,,,,,,,,,,,,,,,,,,,,,,,
BusinessAcquisitionProFormaRevenue,,1664702000.000,,,,,,,,,,,,,,,,,,,,,,,
BusinessAcquisitionsProFormaNetIncomeLoss,,,76050000.000,,,,,,,,,,,,,,,,,,,,,,
BusinessAcquisitionsProFormaRevenue,,,1715316000.000,,,,,,,,,,,,,,,,,,,,,,
CapitalExpendituresIncurredButNotYetPaid,90846000.000,,,,201845000.000,,,,372000000.000,,,,168000000.000,,,,578000000.000,,,,826000000.000,,,,832000000.000
CashAcquiredFromAcquisition,,,,,,,,,0.000,,,,,,,,,,,,,,,,
CashAndCashEquivalentsPeriodIncreaseDecrease,10598000.000,,,,49719000.000,,,,217000000.000,,,,430000000.000,,,,1150000000.000,,,,188000000.000,,,,-69000000.000
ComprehensiveIncomeNetOfTax,237001000.000,144440000.000,66997000.000,200942000.000,1131525000.000,75883000.000,38851000.000,302741000.000,330000000.000,325000000.000,366000000.000,-486000000.000,404000000.000,473000000.000,344000000.000,-2000000.000,324000000.000,653000000.000,417000000.000,64000000.000,297000000.000,374000000.000,76000000.000,-446000000.000,324000000.000
ComprehensiveIncomeNetOfTaxAttributableToNoncontrollingInterest,,8388000.000,9285000.000,,11364000.000,12366000.000,,,101000000.000,91000000.000,49000000.000,71000000.000,76000000.000,110000000.000,105000000.000,-74000000.000,27000000.000,212000000.000,-24000000.000,-58000000.000,65000000.000,102000000.000,64000000.000,96000000.000,40000000.000
ComprehensiveIncomeNetOfTaxIncludingPortionAttributableToNoncontrollingInterest,,152828000.000,76282000.000,,1142889000.000,88249000.000,48035000.000,343827000.000,431000000.000,416000000.000,415000000.000,-415000000.000,480000000.000,583000000.000,449000000.000,-76000000.000,351000000.000,838000000.000,393000000.000,-1000000.000,362000000.000,476000000.000,140000000.000,-350000000.000,364000000.000
CostOfGoodsSold,994457000.000,,,,773485000.000,667434000.000,886888000.000,9938193000.000,9594000000.000,10229000000.000,10654000000.000,10727000000.000,10866000000.000,11636000000.000,12124000000.000,10914000000.000,8040000000.000,9338000000.000,4925000000.000,4726000000.000,2968000000.000,3630000000.000,3931000000.000,4865000000.000,5192000000.000
CostsAndExpenses,1324442000.000,1357676000.000,1442973000.000,1480542000.000,1051915000.000,950875000.000,1128597000.000,11176613000.000,10320000000.000,10919000000.000,11376000000.000,12183000000.000,11544000000.000,12293000000.000,12950000000.000,11896000000.000,8947000000.000,10652000000.000,6025000000.000,6409000000.000,3867000000.000,4574000000.000,4893000000.000,6691000000.000,6241000000.000
CurrentFederalTaxExpenseBenefit,5028000.000,635000.000,1125000.000,-7525000.000,-193000.000,133000.000,-9140000.000,6200000.000,,,,,,,,,,,,,,,,,
CurrentIncomeTaxExpenseBenefit,8962000.000,5826000.000,3635000.000,-3753000.000,3479000.000,3403000.000,-6795000.000,913000.000,,,,,,,,,,,,,,,,,
CurrentStateAndLocalTaxExpenseBenefit,3934000.000,5191000.000,2510000.000,3772000.000,3672000.000,3270000.000,2345000.000,-5287000.000,,,,,,,,,,,,,,,,,
DeconsolidationGainOrLossAmount,,,,,1055944000.000,765000.000,0.000,291000.000,0.000,0.000,0.000,0.000,,,,,,,,,,,,,
DeferredFederalIncomeTaxExpenseBenefit,1019000.000,-15000.000,872000.000,1842000.000,3103000.000,-1812000.000,7742000.000,35967000.000,,,,,,,,,,,,,,,,,
DeferredIncomeTaxExpenseBenefit,1635000.000,-43000.000,404000.000,2149000.000,10644000.000,-3379000.000,7563000.000,47172000.000,,,,,,,,,,,,,,,,,
DeferredStateAndLocalIncomeTaxExpenseBenefit,616000.000,-28000.000,-468000.000,307000.000,7541000.000,-1567000.000,-179000.000,11205000.000,,,,,,,,,,,,,,,,,
DefinedBenefitPlanRecognizedNetGainLossDueToCurtailments,,,,,,,,,0.000,,,,,,,,,,,,,,,,
DepreciationAndAmortization,95964000.000,104972000.000,112942000.000,117026000.000,101917000.000,99102000.000,94812000.000,360169000.000,260000000.000,251000000.000,253000000.000,268000000.000,266000000.000,268000000.000,289000000.000,307000000.000,322000000.000,501000000.000,471000000.000,635000000.000,470000000.000,496000000.000,503000000.000,517000000.000,560000000.000
DepreciationDepletionAndAmortization,,,,,,,,,260000000.000,251000000.000,253000000.000,,-266000000.000,-268000000.000,-289000000.000,,-322000000.000,501000000.000,471000000.000,,470000000.000,496000000.000,503000000.000,,560000000.000
DerivativeGainLossOnDerivativeNet,,,,,,,,,,,,,12000000.000,-83000000.000,5000000.000,9000000.000,-98000000.000,83000000.000,-12000000.000,33000000.000,-74000000.000,-140000000.000,-42000000.000,40000000.000,7000000.000
DerivativeInstrumentsGainLossReclassifiedFromAccumulatedOCIIntoIncomeEffectivePortionNet,16968000.000,4985000.000,5116000.000,10634000.000,3435000.000,,,,1000000.000,1000000.000,3000000.000,-1000000.000,-4000000.000,-2000000.000,0.000,3000000.000,0.000,0.000,0.000,0.000,,,,,
DerivativeInstrumentsGainLossRecognizedInIncomeIneffectivePortionAndAmountExcludedFromEffectivenessTestingNet,5000.000,458000.000,-112000.000,-68000.000,47000.000,,,,,,,,,,,,,,,,,,,,
DerivativeInstrumentsGainLossRecognizedInIncomeNet,8158000.000,-9269000.000,-59420000.000,-37398000.000,14365000.000,-41197000.000,-1921000.000,-23247000.000,-20000000.000,65000000.000,-34000000.000,,,,,,,,,,,,,,
DerivativeInstrumentsGainLossRecognizedInOtherComprehensiveIncomeEffectivePortionNet,6104000.000,2239000.000,6127000.000,4577000.000,20429000.000,,,,2000000.000,6000000.000,-4000000.000,-5000000.000,-4000000.000,-2000000.000,3000000.000,3000000.000,1000000.000,0.000,0.000,-1000000.000,0.000,0.000,0.000,,
DerivativeInstrumentsNotDesignatedAsHedgingInstrumentsGainLossNet,,,,,,,,,,,,,-2000000.000,-46000000.000,-25000000.000,-84000000.000,-77000000.000,127000000.000,-64000000.000,-4000000.000,-70000000.000,-81000000.000,-28000000.000,167000000.000,5000000.000
DilutiveSecuritiesEffectOnBasicEarningsPerShareOther,,,,,,,,,,,,,,,,,,,-4000000.000,,,-4000000.000,0.000,,
DistributionMadeToLimitedPartnerCashDistributionsDeclared,,,,,,,,,,,,,,,,,,,,,,,876000000.000,,
DistributionMadeToLimitedPartnerCashDistributionsPaid,,,,,,,,,,,,,73000000.000,,,,114000000.000,,,,897000000.000,,,,896000000.000
DistributionMadeToLimitedPartnerDistributionsPaidPerUnit,,,,,,,,,,,,,0.935,,,,,1.035,,,,,,,
DistributionMadeToMemberOrLimitedPartnerCashDistribution,186321000.000,256200000.000,,,,,,,,,,,,,,,,,,,,,,,
DistributionMadeToMemberOrLimitedPartnerDistributionsDeclaredPerUnit,,,0.894,,,,,,,,,,,,,,,,,,,,,,
DistributionMadeToMemberOrLimitedPartnerDistributionsPaidPerUnit,,,,,0.894,0.894,0.894,,0.894,0.894,0.905,,,,,,,,,,,,,,
DistributionMadeToMemberOrLimitedPartnerPerUnitAmount,,0.894,,,,,,,,,,,,,,,,,,,,,,,
EffectiveIncomeTaxRateContinuingOperations,,,,,,,,,,0.180,0.110,,,,,,,,,,,,,,
EnvironmentalCostsRecognizedRecoveryCreditedToExpense,,,,,,,,,,,,,,,,,19000000.000,,,,19000000.000,,,,
EquityMethodInvestmentDividendsOrDistributions,,,,,,,,,80000000.000,,,,49000000.000,,,,46000000.000,,,,84000000.000,,,,82000000.000
EquityMethodInvestmentOtherThanTemporaryImpairment,,,,,,,,,,,,,,,,,,,,,,,308000000.000,,
EquityMethodInvestmentRealizedGainLossOnDisposal,,,,,,,,,,,87000000.000,,70000000.000,93000000.000,14000000.000,0.000,0.000,0.000,0.000,0.000,,,,,
FairValueMeasurementWithUnobservableInputsReconciliationRecurringBasisAssetTransfersNet,,,,,0.000,,,,0.000,,,,0.000,,,,0.000,,,,0.000,,,,0.000
FutureAmortizationExpenseYearFive,,,,,10569000.000,,,,,,,,,,,,,,,,,,,,
FutureAmortizationExpenseYearFour,,,,,10569000.000,,,,,,,,,,,,,,,,,,,,
FutureAmortizationExpenseYearOne,,,,,11590000.000,,,,,,,,,,,,,,,,,,,,
FutureAmortizationExpenseYearThree,,,,,10569000.000,,,,,,,,,,,,,,,,,,,,
FutureAmortizationExpenseYearTwo,,,,,11694000.000,,,,,,,,,,,,,,,,,,,,
GainLossOnComponentsExcludedFromAssessmentOfPriceRiskHedgeEffectiveness,6417000.000,15874000.000,-3559000.000,15268000.000,-9173000.000,,,,5000000.000,-1000000.000,0.000,,-6000000.000,0.000,1000000.000,,-3000000.000,11000000.000,-1000000.000,,-4000000.000,21000000.000,-9000000.000,,-4000000.000
GainLossOnDispositionOfAssets,-1726000.000,-528000.000,,,,,,,,,,,,,,,,,,,,,,,
GainOrLossOnSaleOfPreviouslyUnissuedStockBySubsidiary,,,,,,,,,,,,,,,,,72000000.000,,,,5000000.000,,,,0.000
GainsLossesOnExtinguishmentOfDebt,,,,,-115023000.000,0.000,0.000,23000.000,0.000,0.000,0.000,0.000,,,,,,,-10000000.000,,,0.000,0.000,,
GainsLossesOnSalesOfAssets,,,,,-1024000.000,146000.000,,,,,,,,,,,,,,,,,,,
GasGatheringTransportationMarketingAndProcessingCosts,676800000.000,867333000.000,926026000.000,,,,,,,,,,,,,,,,,,,,,,
GasGatheringTransportationMarketingAndProcessingRevenue,1127414000.000,1382140000.000,1476107000.000,-2471859000.000,,,,,,,,,,,,,,,,,,,,,
GeneralPartnersCapitalAccountDistributionAmount,4896000.000,,,,,,,,,,,,,,,,,,,,,,,,
GoodwillPeriodIncreaseDecrease,,,,,605600000.000,,,,,,,,,,,,,,,,,,,,
ImpairmentOfInvestments,,,5355000.000,,,,,,,,,,,,,,,,,,,,,,
IncentiveDistributionDistributionPerYear,103182000.000,,,,,,,,,,,,,,,,,,,,,,,,
IncomeLossFromContinuingOperationsAttributableToNoncontrollingEntity,,,,,,,,,,,49000000.000,,76000000.000,110000000.000,105000000.000,-74000000.000,27000000.000,212000000.000,-24000000.000,-58000000.000,65000000.000,102000000.000,64000000.000,96000000.000,40000000.000
IncomeLossFromContinuingOperationsBeforeIncomeTaxesExtraordinaryItemsNoncontrollingInterest,,,80089000.000,,1140220000.000,123811000.000,194139000.000,361830000.000,405000000.000,493000000.000,438000000.000,-504000000.000,613000000.000,609000000.000,499000000.000,123000000.000,321000000.000,780000000.000,415000000.000,-118000000.000,318000000.000,463000000.000,74000000.000,-417000000.000,419000000.000
IncomeLossFromContinuingOperationsIncludingPortionAttributableToNoncontrollingInterest,,,,,,,193371000.000,,402000000.000,404000000.000,391000000.000,-462000000.000,467000000.000,539000000.000,447000000.000,36000000.000,308000000.000,839000000.000,393000000.000,-19000000.000,376000000.000,472000000.000,138000000.000,-362000000.000,
IncomeLossFromContinuingOperationsNetOfTaxPerOutstandingLimitedPartnershipUnitDiluted,,,,,,,,,,,,,0.690,0.790,0.440,-0.340,-0.170,0.670,0.100,-0.700,-0.150,0.100,-0.490,-1.520,0.020
IncomeLossFromContinuingOperationsPerOutstandingLimitedPartnershipUnitBasicNetOfTax,,,,,,,,,,,,,0.690,0.790,0.440,-0.340,-0.170,0.670,0.110,-0.700,-0.150,0.100,-0.490,-1.520,0.020
IncomeLossFromDiscontinuedOperationsNetOfTax,,,,,,,-147162000.000,,22000000.000,9000000.000,13000000.000,-11000000.000,24000000.000,42000000.000,0.000,-2000000.000,0.000,0.000,0.000,0.000,,,,,
IncomeLossFromDiscontinuedOperationsNetOfTaxPerOutstandingLimitedPartnershipUnitBasic,,,,,,,,,,,,,0.070,0.130,0.000,-0.010,0.000,0.000,0.000,0.000,,,,,
IncomeLossFromDiscontinuedOperationsNetOfTaxPerOutstandingLimitedPartnershipUnitDiluted1,,,,,,,,,,,,,0.070,0.130,0.000,-0.010,0.000,0.000,0.000,0.000,,,,,
IncomeLossFromEquityMethodInvestments,1633000.000,5040000.000,6713000.000,12450000.000,54625000.000,466000.000,7920000.000,78989000.000,72000000.000,37000000.000,28000000.000,35000000.000,79000000.000,57000000.000,69000000.000,29000000.000,40000000.000,117000000.000,214000000.000,98000000.000,76000000.000,119000000.000,65000000.000,-201000000.000,73000000.000
IncomeLossFromEquityMethodInvestmentsNetOfDividendsOrDistributions,4687000.000,,,,18064000.000,,,,,,,,,,,,,,,,,,,,
IncomeTaxExpenseBenefit,10597000.000,5783000.000,4039000.000,-1604000.000,14123000.000,24000.000,768000.000,48085000.000,3000000.000,89000000.000,47000000.000,-42000000.000,146000000.000,70000000.000,52000000.000,87000000.000,13000000.000,-59000000.000,22000000.000,-99000000.000,-58000000.000,-9000000.000,-64000000.000,-55000000.000,55000000.000
IncomeTaxReconciliationChangeInEnactedTaxRate,,,,,,,,,,,,,,,,,,,,,20000000.000,,,,
IncreaseDecreaseInAccountsPayable,,,,,-15352000.000,,,,435000000.000,,,,441000000.000,,,,-422000000.000,,,,51000000.000,,,,-88000000.000
IncreaseDecreaseInAccountsReceivable,,,,,35024000.000,,,,659000000.000,,,,751000000.000,,,,-364000000.000,,,,9000000.000,,,,23000000.000
IncreaseDecreaseInAccruedLiabilities,,,,,-65749000.000,,,,-35000000.000,,,,104000000.000,,,,-176000000.000,,,,-17000000.000,,,,-139000000.000
IncreaseDecreaseInAllowanceForEquityFundsUsedDuringConstruction,,1201000.000,,,,,,,,,,,,,,,,,,,,,,,
IncreaseDecreaseInDeferredIncomeTaxes,,,,,,,,,-8000000.000,,,,107000000.000,,,,-21000000.000,,,,57000000.000,,,,-54000000.000
IncreaseDecreaseInDueFromRelatedPartiesCurrent,,,,,57282000.000,,,,48000000.000,,,,23000000.000,,,,-92000000.000,,,,-90000000.000,,,,44000000.000
IncreaseDecreaseInDueToRelatedPartiesCurrent,,,,,75619000.000,,,,3000000.000,,,,57000000.000,,,,-73000000.000,,,,-2000000.000,,,,120000000.000
IncreaseDecreaseInFairValueOfUnhedgedDerivativeInstruments,1779000.000,2111000.000,-68595000.000,-12704000.000,27895000.000,-35917000.000,-65000.000,4087000.000,7000000.000,39000000.000,0.000,,,,,,,,,,,,,,
IncreaseDecreaseInInventories,,,,,-23050000.000,,,,48000000.000,,,,-338000000.000,,,,40000000.000,,,,11000000.000,,,,-168000000.000
IncreaseDecreaseInOperatingCapital,71833000.000,,,,34406000.000,,,,303000000.000,,,,-159000000.000,,,,181000000.000,,,,-144000000.000,,,,15000000.000
IncreaseDecreaseInOtherCurrentAssets,,,,,-54503000.000,,,,-36000000.000,,,,-39000000.000,,,,130000000.000,,,,102000000.000,,,,-43000000.000
IncreaseDecreaseInOtherDeferredLiability,,,,,-5911000.000,,,,17000000.000,,,,-25000000.000,,,,120000000.000,,,,21000000.000,,,,-2000000.000
IncreaseDecreaseInOtherNoncurrentAssets,,,,,-2447000.000,,,,6000000.000,,,,15000000.000,,,,-35000000.000,,,,-11000000.000,,,,18000000.000
IncreaseDecreaseInRestrictedCash,,,,,,,,,,,,,,,,,0.000,,,,1000000.000,,,,0.000
IncreaseDecreaseInRiskManagementAssetsAndLiabilities,,,,,9064000.000,,,,23000000.000,,,,-39000000.000,,,,-69000000.000,,,,-88000000.000,,,,32000000.000
IncrementalCommonSharesAttributableToConversionOfPreferredStock,,,,,,,,,,,,,,,,,,,900000.000,,,400000.000,0.000,,
IncrementalCommonSharesAttributableToShareBasedPaymentArrangements,705472.000,1059617.000,0.000,-855892.000,857221.000,1017480.000,1156952.000,-2299320.000,1001337.000,1200000.000,1400000.000,-3601337.000,1000000.000,1000000.000,1700000.000,-2400000.000,0.000,1500000.000,1400000.000,-2900000.000,,700000.000,0.000,,1400000.000
InterestExpense,107240000.000,116466000.000,124000000.000,126407000.000,136820000.000,134310000.000,112141000.000,281729000.000,211000000.000,211000000.000,210000000.000,217000000.000,219000000.000,217000000.000,212000000.000,212000000.000,228000000.000,336000000.000,333000000.000,394000000.000,319000000.000,317000000.000,345000000.000,336000000.000,339000000.000
InventoryLIFOReserveEffectOnIncomeNet,,,,,,,,,-38000000.000,22000000.000,-6000000.000,19000000.000,14000000.000,20000000.000,-51000000.000,490000000.000,-34000000.000,-184000000.000,134000000.000,188000000.000,26000000.000,-132000000.000,-37000000.000,-27000000.000,-2000000.000
InventoryLIFOReservePeriodCharge,,,,,,,,,-38000000.000,,,,-14000000.000,,,,34000000.000,,,,26000000.000,,,,-2000000.000
LeaseAndRentalExpense,5000000.000,5200000.000,5500000.000,10400000.000,5900000.000,5600000.000,5600000.000,39900000.000,32000000.000,30000000.000,31000000.000,47000000.000,31000000.000,25000000.000,29000000.000,54000000.000,47000000.000,54000000.000,35000000.000,40000000.000,18000000.000,21000000.000,19000000.000,23000000.000,20000000.000
MinorityInterestDecreaseFromDistributionsToNoncontrollingInterestHolders,,,,,,,,,,,,,-73000000.000,,,,-114000000.000,,,,100000000.000,,,,148000000.000
MinorityInterestDecreaseFromRedemptions,,,,,,,,,,,,,,,,,-129000000.000,,,,,,,,
NaturalGasMidstreamRevenue,,,,,388744000.000,386500000.000,399494000.000,832262000.000,637000000.000,692000000.000,648000000.000,613000000.000,655000000.000,601000000.000,635000000.000,662000000.000,686000000.000,980000000.000,1026000000.000,1305000000.000,960000000.000,1045000000.000,986000000.000,1012000000.000,1024000000.000
NetCashProvidedByUsedInFinancingActivities,-58356000.000,,,,812559000.000,,,,423000000.000,,,,113000000.000,,,,1755000000.000,,,,-1187000000.000,,,,-1281000000.000
NetCashProvidedByUsedInFinancingActivitiesContinuingOperations,-58356000.000,,,,812559000.000,,,,423000000.000,,,,113000000.000,,,,1755000000.000,,,,-1187000000.000,,,,-1281000000.000
NetCashProvidedByUsedInInvestingActivities,-221633000.000,,,,-1017839000.000,,,,-559000000.000,,,,-365000000.000,,,,-1111000000.000,,,,415000000.000,,,,280000000.000
NetCashProvidedByUsedInInvestingActivitiesContinuingOperations,-221633000.000,,,,-1017839000.000,,,,-559000000.000,,,,-365000000.000,,,,-1111000000.000,,,,415000000.000,,,,280000000.000
NetCashProvidedByUsedInOperatingActivities,290587000.000,,,,254999000.000,,,,353000000.000,,,,682000000.000,,,,506000000.000,,,,960000000.000,,,,932000000.000
NetCashProvidedByUsedInOperatingActivitiesContinuingOperations,290587000.000,,,,254999000.000,,,,353000000.000,,,,682000000.000,,,,506000000.000,,,,960000000.000,,,,932000000.000
NetIncomeLoss,,148228000.000,66765000.000,,1114733000.000,111421000.000,37025000.000,305821000.000,322000000.000,320000000.000,355000000.000,-541000000.000,415000000.000,471000000.000,342000000.000,108000000.000,281000000.000,654000000.000,417000000.000,46000000.000,311000000.000,370000000.000,74000000.000,-458000000.000,324000000.000
NetIncomeLossAllocatedToGeneralPartners,107539000.000,105892000.000,-104810000.000,-541769000.000,-116537000.000,-108806000.000,-116583000.000,-119074000.000,-128000000.000,-155000000.000,-146000000.000,-77000000.000,-113000000.000,-125000000.000,-135000000.000,-140000000.000,-242000000.000,-260000000.000,-277000000.000,-285000000.000,297000000.000,223000000.000,220000000.000,208000000.000,206000000.000
NetIncomeLossAllocatedToLimitedPartners,139663000.000,42336000.000,-38045000.000,91872000.000,998196000.000,2615000.000,-79558000.000,186747000.000,194000000.000,165000000.000,209000000.000,-666000000.000,253000000.000,295000000.000,148000000.000,-90000000.000,-48000000.000,298000000.000,59000000.000,-327000000.000,-67000000.000,60000000.000,-241000000.000,-762000000.000,20000000.000
NetIncomeLossAttributableToNoncontrollingInterest,,8388000.000,9285000.000,,11364000.000,12366000.000,9184000.000,46086000.000,102000000.000,93000000.000,49000000.000,68000000.000,76000000.000,110000000.000,105000000.000,-74000000.000,27000000.000,212000000.000,-24000000.000,-58000000.000,65000000.000,102000000.000,64000000.000,96000000.000,40000000.000
NetIncomeLossAvailableToCommonStockholdersDiluted,,,,,,,,,,,,,,,,,,,48000000.000,,,48000000.000,-249000000.000,,10000000.000
NetIncomeLossNetOfTaxPerOutstandingLimitedPartnershipUnitDiluted,,,,,,,,,,,,,0.760,0.920,0.440,-0.350,-0.170,0.670,0.100,-0.700,-0.150,0.100,-0.490,-1.520,0.020
NetIncomeLossPerOutstandingLimitedPartnershipUnit,0.710,0.190,-0.190,0.390,,,,,,,,,,,,,,,,,,,,,
NetIncomeLossPerOutstandingLimitedPartnershipUnitBasicNetOfTax,,,,,,,,,,,,,0.760,0.920,0.440,-0.350,-0.170,0.670,0.110,-0.700,-0.150,0.100,-0.490,-1.520,0.020
NetIncomeLossPerOutstandingLimitedPartnershipUnitDiluted,0.710,0.190,-0.190,0.390,,,,,,,,,,,,,,,,,,,,,
NoncashOrPartNoncashDivestitureAmountOfConsiderationReceived1,,,,,,,,,0.000,,,,,,,,,,,,194000000.000,,,,0.000
NoncontrollingInterestIncreaseFromSaleOfParentEquityInterest,,,,,,,,,,,,,,,,,1926000000.000,,,,0.000,,,,2000000000.000
NoncontrollingInterestIncreaseFromSubsidiaryEquityIssuance,,,,,,,,,,,,,,,,,689000000.000,,,,301000000.000,,,,
OilAndGasSalesRevenue,,,,,,,,,3201000000.000,3992000000.000,4215000000.000,4069000000.000,4093000000.000,4432000000.000,4497000000.000,3394000000.000,2208000000.000,2680000000.000,1859000000.000,1631000000.000,1210000000.000,1713000000.000,1649000000.000,2194000000.000,2347000000.000
OperatingCostsAndExpenses,188489000.000,189302000.000,196737000.000,199239000.000,127990000.000,128839000.000,99602000.000,543569000.000,304000000.000,315000000.000,331000000.000,,319000000.000,308000000.000,401000000.000,,485000000.000,651000000.000,535000000.000,,348000000.000,374000000.000,388000000.000,,379000000.000
OperatingIncomeLoss,363135000.000,270419000.000,272343000.000,338910000.000,253945000.000,289439000.000,291877000.000,558739000.000,534000000.000,632000000.000,526000000.000,-151000000.000,688000000.000,736000000.000,668000000.000,383000000.000,583000000.000,888000000.000,576000000.000,212000000.000,614000000.000,715000000.000,638000000.000,-165000000.000,654000000.000
OperatingLeasesIncomeStatementSubleaseRevenue,,,,,,,,,5000000.000,5000000.000,6000000.000,8000000.000,8000000.000,,,,,,,,,,,,
OperatingLeasesRentExpenseContingentRentals,,,,,,,,,4000000.000,6000000.000,8000000.000,4000000.000,3000000.000,6000000.000,8000000.000,7000000.000,4000000.000,6000000.000,9000000.000,7000000.000,14000000.000,,,,
OperatingLeasesRentExpenseNet,,,,,,,,,,,,,,15000000.000,20000000.000,,39000000.000,50000000.000,32000000.000,39000000.000,18000000.000,21000000.000,19000000.000,22000000.000,
OperatingLeasesRentExpenseSubleaseRentals1,,,,,,,,,,,,,,10000000.000,9000000.000,,8000000.000,4000000.000,3000000.000,-31000000.000,0.000,0.000,0.000,1000000.000,
OtherComprehensiveIncomeAvailableForSaleSecuritiesAdjustmentNetOfTaxPeriodIncreaseDecrease,608000.000,-643000.000,-900000.000,131000.000,-114000.000,0.000,0.000,,,,,,,,,,,,,,,,,,
OtherComprehensiveIncomeDefinedBenefitPlansNetUnamortizedGainLossArisingDuringPeriodNetOfTax,,,,,,,,,-11000000.000,,,,55000000.000,,,,-12000000.000,,,,-1000000.000,,,,5000000.000
OtherComprehensiveIncomeDerivativesQualifyingAsHedgesNetOfTaxPeriodIncreaseDecrease,6159000.000,2298000.000,6126000.000,4597000.000,20388000.000,-6517000.000,-3363000.000,,,,,,,,,,,,,,,,,,
OtherComprehensiveIncomeForeignCurrencyTransactionAndTranslationAdjustmentNetOfTaxPortionAttributableToParent,,,,,,,,,-1000000.000,0.000,0.000,0.000,-3000000.000,1000000.000,-1000000.000,1000000.000,-2000000.000,0.000,1000000.000,0.000,-1000000.000,0.000,0.000,0.000,0.000
OtherComprehensiveIncomeForeignCurrencyTransactionAndTranslationGainLossArisingDuringPeriodNetOfTax,,,,,,,,,-1000000.000,,,,-4000000.000,,,,-5000000.000,,,,-5000000.000,,,,-5000000.000
OtherComprehensiveIncomeLossAvailableForSaleSecuritiesAdjustmentNetOfTax,,,,,,,,,1000000.000,-1000000.000,1000000.000,1000000.000,0.000,0.000,1000000.000,0.000,1000000.000,-1000000.000,-1000000.000,-2000000.000,2000000.000,3000000.000,0.000,-3000000.000,2000000.000
OtherComprehensiveIncomeLossDerivativesQualifyingAsHedgesNetOfTax,,,,,,,,,2000000.000,6000000.000,-4000000.000,-5000000.000,-4000000.000,-2000000.000,3000000.000,3000000.000,1000000.000,0.000,0.000,-1000000.000,0.000,0.000,0.000,,
OtherComprehensiveIncomeLossNetOfTax,,,,,,,,,7000000.000,3000000.000,11000000.000,58000000.000,-11000000.000,2000000.000,2000000.000,-110000000.000,43000000.000,-1000000.000,0.000,18000000.000,-14000000.000,4000000.000,2000000.000,12000000.000,0.000
OtherComprehensiveIncomeLossNetOfTaxPeriodIncreaseDecrease,-10201000.000,-3788000.000,232000.000,-5837000.000,16792000.000,-35538000.000,1826000.000,,,,,,,,,,,,,,,,,,
OtherComprehensiveIncomeLossNetOfTaxPortionAttributableToNoncontrollingInterest,,,,,,,,,-7000000.000,,,,,,,,,,,,,,,,
OtherComprehensiveIncomeLossReclassificationAdjustmentFromAOCIOnDerivativesNetOfTax,,,,,,,,,,,,,-4000000.000,-2000000.000,0.000,3000000.000,0.000,0.000,0.000,0.000,-6000000.000,,,,
OtherComprehensiveIncomeLossReclassificationAdjustmentFromAOCIPensionAndOtherPostretirementBenefitPlansForNetGainLossNetOfTax,,,,,,,,,,,,,1000000.000,0.000,1000000.000,111000000.000,-45000000.000,0.000,0.000,-20000000.000,9000000.000,-6000000.000,0.000,-2000000.000,2000000.000
OtherComprehensiveIncomeLossReclassificationAdjustmentOnDerivativesIncludedInNetIncomeNetOfTax,,,,,,,,,-1000000.000,-1000000.000,-3000000.000,,,,,,,,,,,,,,
OtherComprehensiveIncomeReclassificationAdjustmentOnDerivativesIncludedInNetIncomeNetOfTax,16968000.000,5443000.000,4994000.000,-65375000.000,3482000.000,6615000.000,3539000.000,,,,,,,,,,,,,,,,,,
OtherComprehensiveIncomeReclassificationOfDefinedBenefitPlansNetGainLossRecognizedInNetPeriodicBenefitCostNetOfTax,,,,,,,,,-1000000.000,2000000.000,8000000.000,,,,,,,,,,,,,,
OtherCostOfOperatingRevenue,6793000.000,6567000.000,7632000.000,,,,,,,,,,,,,,,,,,,,,,
OtherNoncashExpense,2142000.000,,,,7682000.000,,,,6000000.000,,,,-6000000.000,,,,-4000000.000,,,,12000000.000,,,,
OtherNoncashIncomeExpense,,,,,,,,,,,,,,,,,,,,,,,,,52000000.000
OtherNonoperatingIncomeExpense,218000.000,622000.000,-1653000.000,5255000.000,678000.000,3099000.000,6548000.000,675000.000,3000000.000,-4000000.000,7000000.000,-1000000.000,-3000000.000,-14000000.000,-15000000.000,7000000.000,3000000.000,-16000000.000,32000000.000,3000000.000,17000000.000,27000000.000,52000000.000,35000000.000,26000000.000
OtherSalesRevenueNet,31697000.000,25659000.000,25713000.000,224636000.000,58678000.000,51185000.000,90690000.000,1218447000.000,891000000.000,938000000.000,977000000.000,1005000000.000,952000000.000,1135000000.000,1277000000.000,1534000000.000,1461000000.000,1559000000.000,749000000.000,583000000.000,288000000.000,452000000.000,401000000.000,410000000.000,494000000.000
PartnersCapitalAccountAcquisitions,,,,,105000000.000,,,,0.000,,,,,,,,,,,,,,,,
PartnersCapitalAccountDistributions,-274208000.000,,,,-318597000.000,,,,-391000000.000,,,,-481000000.000,,,,-558000000.000,,,,897000000.000,,,,896000000.000
PartnersCapitalAccountRedemptions,,,,,,,,,,,,,-1167000000.000,,,,,,,,,,,,
PartnersCapitalAccountSaleOfUnits,57373000.000,,,,87327000.000,,,,192000000.000,,,,142000000.000,,,,135000000.000,,,,363000000.000,,,,826000000.000
PartnersCapitalAccountUnitBasedCompensation,9806000.000,,,,10805000.000,,,,13000000.000,,,,,,,,,,,,,,,,
PartnersCapitalAccountUnitsAcquisitions,,,,,2249092.000,,,,,,,,,,,,,,,,,,,,
PartnersCapitalAccountUnitsSoldInPublicOffering,,,,,,,,,13800000.000,,,,,,,,,,,,,,,,
PartnersCapitalAccountUnitsUnitbasedCompensation,12910.000,,,,7124.000,,,,5000.000,,,,,,,,,,,,,,,,
PartnersCapitalDistributionAmount,297520000.000,,,,,,,,,,,,,,,,,,,,,,,,
PartnersCapitalOther,-1467000.000,,,,,,,,,,,,,,,,,,,,,,,,
PaymentsForEnvironmentalLiabilities,,,,,,,,,7000000.000,8000000.000,8000000.000,13000000.000,,,,,,,,,,,,,
PaymentsForProceedsFromOtherInvestingActivities,,,,,,,,,,,,,,,,,,,,,3000000.000,,,,3000000.000
PaymentsForRepurchaseOfPreferredStockAndPreferenceStock,,,,,,,,,,,,,,,,,,,,,,,,,53000000.000
PaymentsOfDebtIssuanceCosts,,,,,18140000.000,,,,16000000.000,,,,0.000,,,,22000000.000,,,,0.000,,,,19000000.000
PaymentsOfDistributionsToAffiliates,,,,,,,,,1000000.000,,,,43000000.000,,,,,,,,,,,,
PaymentsOfDividendsMinorityInterest,,,,,6956000.000,,,,132000000.000,,,,,,,,,,,,100000000.000,,,,148000000.000
PaymentsToAcquireBusinessesNetOfCashAcquired,3060000.000,,,,,,,,0.000,,,,,,,,370000000.000,,,,0.000,,,,318000000.000
PaymentsToAcquireProductiveAssets,210955000.000,,,,519042000.000,,,,595000000.000,,,,727000000.000,,,,1686000000.000,,,,1819000000.000,,,,1384000000.000
ProceedsFromContributionInAidOfConstruction,2754000.000,,,,5732000.000,,,,8000000.000,,,,7000000.000,,,,4000000.000,,,,10000000.000,,,,6000000.000
ProceedsFromDivestitureOfInterestInConsolidatedSubsidiaries,,,,,1383802000.000,,,,0.000,,,,,,,,,,,,,,,,
ProceedsFromEquityMethodInvestmentDividendsOrDistributionsReturnOfCapital,,,,,,,,,,,,,,,,,32000000.000,,,,51000000.000,,,,90000000.000
ProceedsFromIssuanceOfCommonLimitedPartnersUnits,57373000.000,,,,87327000.000,,,,192000000.000,,,,142000000.000,,,,135000000.000,,,,363000000.000,,,,826000000.000
ProceedsFromIssuanceOfLongTermDebt,917094000.000,,,,2558084000.000,,,,2563000000.000,,,,939000000.000,,,,6303000000.000,,,,2938000000.000,,,,6366000000.000
ProceedsFromIssuanceOfSeniorLongTermDebt,,,,,1980000000.000,,,,,,,,,,,,,,,,,,,,
ProceedsFromMinorityShareholders,,,,,79839000.000,,,,27000000.000,,,,27000000.000,,,,250000000.000,,,,132000000.000,,,,1094000000.000
ProceedsFromPaymentsForOtherFinancingActivities,,,,,,,,,4000000.000,,,,-21000000.000,,,,-5000000.000,,,,-10000000.000,,,,3000000.000
ProceedsFromPaymentsToMinorityShareholders,,,,,67128000.000,,,,42000000.000,,,,40000000.000,,,,250000000.000,,,,132000000.000,,,,106000000.000
ProceedsFromSaleOfEquityMethodInvestments,,,,,,,,,,,,,381000000.000,,,,0.000,,,,2200000000.000,,,,0.000
ProceedsFromSaleOfProductiveAssets,681000.000,,,,12845000.000,,,,10000000.000,,,,6000000.000,,,,6000000.000,,,,8000000.000,,,,0.000
ProfitLoss,247202000.000,156616000.000,76050000.000,217294000.000,1126097000.000,123787000.000,46209000.000,351907000.000,424000000.000,413000000.000,404000000.000,-473000000.000,491000000.000,581000000.000,447000000.000,34000000.000,308000000.000,839000000.000,393000000.000,-19000000.000,376000000.000,472000000.000,138000000.000,-362000000.000,364000000.000
PropaneCosts,310864000.000,134728000.000,141868000.000,,,,,,,,,,,,,,,,,,,,,,
PropaneRevenue,528466000.000,220296000.000,213496000.000,398395000.000,75445000.000,11637000.000,0.000,,,,,,,,,,,,,,,,,,
PublicUtilitiesAllowanceForFundsUsedDuringConstructionCapitalizedCostOfEquity,,1201000.000,636000.000,,,123000.000,,,,,,,,,,,,,,,,,,,
RefiningAndMarketingRevenue,,,,,,,,,4662000000.000,4650000000.000,4633000000.000,4534000000.000,4478000000.000,4938000000.000,5165000000.000,4856000000.000,3656000000.000,4434000000.000,1046000000.000,822000000.000,245000000.000,234000000.000,177000000.000,391000000.000,471000000.000
RepaymentsOfLongTermDebt,758615000.000,,,,1556287000.000,,,,1835000000.000,,,,454000000.000,,,,4928000000.000,,,,3914000000.000,,,,7216000000.000
RepaymentsOfRelatedPartyDebt,,,,,,,,,,,,,,,,,,,,,,,,,250000000.000
RevenueFromRelatedParties,,,,,,,,,382000000.000,333000000.000,439000000.000,396000000.000,341000000.000,390000000.000,295000000.000,91000000.000,130000000.000,130000000.000,94000000.000,63000000.000,74000000.000,133000000.000,63000000.000,107000000.000,118000000.000
Revenues,1687577000.000,1628095000.000,1715316000.000,1819452000.000,1305860000.000,1240314000.000,1420474000.000,11735352000.000,10854000000.000,11551000000.000,11902000000.000,12032000000.000,12232000000.000,13029000000.000,13618000000.000,12279000000.000,9530000000.000,11540000000.000,6601000000.000,6621000000.000,4481000000.000,5289000000.000,5531000000.000,6526000000.000,6895000000.000
SalesRevenueNet,1687577000.000,1628095000.000,1715316000.000,1819452000.000,1305860000.000,1240314000.000,1420474000.000,11735352000.000,10854000000.000,11551000000.000,11902000000.000,12032000000.000,12232000000.000,13029000000.000,13618000000.000,12279000000.000,9530000000.000,11540000000.000,6601000000.000,6621000000.000,4481000000.000,5289000000.000,5531000000.000,6526000000.000,6895000000.000
SegmentReportingInformationExpendituresForAdditionsToLongLivedAssets,203770000.000,,,,,,,,,,,,,,,,,,,,,,,,
SellingGeneralAndAdministrativeExpense,45532000.000,54774000.000,57768000.000,53535000.000,48523000.000,55500000.000,47295000.000,334682000.000,162000000.000,124000000.000,138000000.000,61000000.000,93000000.000,81000000.000,136000000.000,67000000.000,100000000.000,162000000.000,94000000.000,119000000.000,81000000.000,74000000.000,71000000.000,122000000.000,110000000.000
ShareBasedCompensation,9877000.000,,,,10709000.000,10283000.000,9198000.000,11810000.000,14000000.000,10000000.000,12000000.000,11000000.000,14000000.000,13000000.000,15000000.000,16000000.000,16000000.000,23000000.000,16000000.000,24000000.000,19000000.000,19000000.000,22000000.000,20000000.000,23000000.000
ShareBasedCompensationArrangementByShareBasedPaymentAwardEquityInstrumentsOtherThanOptionsGrantsInPeriodWeightedAverageGrantDateFairValue,53.790,,,,46.300,,,,45.330,,,,,,,,,,,,,,,,
StockIssuedDuringPeriodSharesDividendReinvestmentPlan,,,,,,,,,,,,,,,,,,,,,1800000.000,,,,1900000.000
StockIssuedDuringPeriodValueDividendReinvestmentPlan,,,,,,,,,,,,,,,,,,,,,39000000.000,,,,
StockholdersEquityOther,,,,,975000.000,,,,3000000.000,,,,0.000,,,,0.000,,,,-21000000.000,,,,26000000.000
UnrealizedGainLossOnCommodityContracts,,,,,,,,,1000000.000,,,,-4000000.000,,,,0.000,,,,,,,,
UnrealizedGainLossOnDerivatives,,,,,-85626000.000,14652000.000,11456000.000,50518000.000,19000000.000,18000000.000,8000000.000,6000000.000,-29000000.000,-1000000.000,16000000.000,37000000.000,-66000000.000,-42000000.000,47000000.000,-4000000.000,-63000000.000,-18000000.000,-15000000.000,-35000000.000,64000000.000
UnrealizedGainLossOnDerivativesAndCommodityContracts,17900000.000,15700000.000,700000.000,-13500000.000,,3700000.000,,,,,,,,,,,,,,,,,,,
UnrealizedGainLossOnPriceRiskFairValueHedgingInstruments,,16700000.000,-7100000.000,,86200000.000,-38300000.000,,,,,,,,,,,,,,,,,,,
UtilitiesOperatingExpenseMaintenanceAndOperations,,,3900000.000,,1500000.000,4500000.000,3900000.000,7100000.000,,,,,,,,,,,,,,,,,
UtilitiesOperatingExpenseOther,,,4200000.000,,2100000.000,2500000.000,800000.000,1600000.000,,,,,,,,,,,,,,,,,
WeightedAverageLimitedPartnershipUnitsOutstanding,193821128.000,208615415.000,209151808.000,-404343245.000,226549263.000,229663164.000,245139324.000,-453045005.000,300831573.000,352600000.000,374100000.000,-684131573.000,324500000.000,318500000.000,331400000.000,-642900000.000,323800000.000,434800000.000,485000000.000,-810800000.000,490200000.000,501600000.000,507400000.000,-993700000.000,548200000.000
WeightedAverageLimitedPartnershipUnitsOutstandingDiluted,194526600.000,209675032.000,209151808.000,-405199137.000,227406484.000,230680644.000,246296276.000,-455344325.000,301832910.000,353800000.000,375500000.000,-687732910.000,325500000.000,319500000.000,333100000.000,-645300000.000,323800000.000,436300000.000,487300000.000,-813900000.000,490200000.000,502700000.000,507400000.000,-994800000.000,549600000.000
