,2011-01-31,2011-04-30,2011-10-31,2012-01-31,2012-04-30,2012-07-31,2012-10-31,2013-01-31,2013-04-30,2013-07-31,2013-10-31,2014-01-31,2014-10-31,2015-01-31,2015-04-30,2015-07-31,2015-10-31,2016-01-31,2016-04-30,2016-07-31,2016-10-31,2017-01-31,2017-04-30
AcquisitionCosts,,,,,,,,,,,,,,,,,15000.000,70000.000,14000.000,,0.000,0.000,0.000
BusinessCombinationContingentConsiderationArrangementsChangeInAmountOfContingentConsiderationLiability1,,,,,,,,,,,,,-1800000.000,-4500000.000,0.000,0.000,-100000.000,0.000,0.000,0.000,0.000,0.000,0.000
BusinessCombinationSeparatelyRecognizedTransactionsExpensesAndLossesRecognized,,,,,,,,,,,,,,,,,,,,,,-646000.000,-2234000.000
CashAndCashEquivalentsPeriodIncreaseDecrease,,,5697000.000,,,,249000.000,,,,1971000.000,,1580000.000,,,,1240000.000,,,,7674000.000,,
CashFlowHedgeGainLossReclassifiedToCostOfSalesNet,,,1879000.000,,,,,,,,,,,,,,,,,,,,
CashFlowHedgeGainLossReclassifiedToEarningsNet,,,,,,,-4191000.000,-4434000.000,-1723000.000,,,,,,,,,,,,,,
CashFlowHedgeGainLossToBeReclassifiedWithinTwelveMonths,,,800000.000,,,,200000.000,,,,7900000.000,,-5200000.000,,,,-19800000.000,,,,-1400000.000,,
CommonStockDividendsPerShareDeclared,,,0.500,0.500,0.500,0.500,0.500,0.500,0.500,0.500,,,,,,,,,,,,,
ComprehensiveIncomeNetOfTax,,,-37300000.000,,,,-7294000.000,56455000.000,47387000.000,-25266000.000,-15385000.000,62387000.000,-47748000.000,48267000.000,54448000.000,-70462000.000,-71270000.000,54221000.000,39293000.000,-659193000.000,-33791000.000,53714000.000,-1808000.000
ComprehensiveIncomeNetOfTaxAttributableToNoncontrollingInterest,,,,,,,-33000.000,618000.000,528000.000,-220000.000,-118000.000,679000.000,-448000.000,536000.000,598000.000,-678000.000,-686000.000,597000.000,444000.000,-6683000.000,-304000.000,590000.000,70000.000
ComprehensiveIncomeNetOfTaxIncludingPortionAttributableToNoncontrollingInterest,,,,,,,-7327000.000,57073000.000,47915000.000,-25486000.000,-15503000.000,63066000.000,-48196000.000,48803000.000,55046000.000,-71140000.000,-71956000.000,54818000.000,39737000.000,-665876000.000,-34095000.000,54304000.000,-1738000.000
CostsAndExpenses,,,,,,,,,,,,,408994000.000,529045000.000,436278000.000,349889000.000,422247000.000,510909000.000,401486000.000,359995000.000,350523000.000,474220000.000,461319000.000
DeferredIncomeTaxExpenseBenefit,,,164000.000,,,,379000.000,,,,275000.000,,216000.000,,,,280000.000,,,,143000.000,,
DepreciationDepletionAndAmortization,19990000.000,20030000.000,20674000.000,21042000.000,21123000.000,21002000.000,20875000.000,20751000.000,20896000.000,20822000.000,20215000.000,20643000.000,23309000.000,23943000.000,23324000.000,28003000.000,36979000.000,37367000.000,38352000.000,37815000.000,26202000.000,25607000.000,25737000.000
DerivativeInstrumentsGainLossReclassifiedFromAccumulatedOCIIntoIncomeEffectivePortionNet,,,,,,,,,,,929000.000,-3826000.000,-1128000.000,-7559000.000,-10907000.000,,-8226000.000,-8567000.000,-6138000.000,,-4238000.000,-514000.000,1933000.000
DerivativeInstrumentsGainLossRecognizedInIncomeIneffectivePortionAndAmountExcludedFromEffectivenessTestingNet,,,,,,,,,,,,,,,0.000,,0.000,0.000,0.000,0.000,0.000,0.000,0.000
DerivativeInstrumentsGainLossRecognizedInOtherComprehensiveIncomeEffectivePortionNet,,,,,,,6276000.000,-6205000.000,1032000.000,,10604000.000,5783000.000,-13897000.000,-45127000.000,7919000.000,,384000.000,-11504000.000,14681000.000,,5138000.000,15262000.000,-6496000.000
DilutiveSecurities,,,,,,,,0.030,0.000,,0.000,0.040,0.000,0.130,,,0.000,,,,0.000,,
DisposalGroupNotDiscontinuedOperationGainLossOnDisposal,,,,,,,,,,,,,961000.000,1414000.000,2203000.000,2521000.000,,,,,,,
DistributionMadeToLimitedPartnerCashDistributionsPaid,,,,,,,,,,,39935000.000,39972000.000,41774000.000,41777000.000,41777000.000,41777000.000,51963000.000,50730000.000,50733000.000,50734000.000,50294000.000,9813000.000,9813000.000
DistributionMadeToMemberOrLimitedPartnerCashDistributionsPaid,,,,38371000.000,39880000.000,,,,,,,,,,,,,,,,,,
DistributionMadeToMemberOrLimitedPartnerDistributionsDeclaredPerUnit,,0.500,0.500,0.500,0.500,,0.500,0.500,0.500,,,,,,,,,,,,,,
DistributionsPerLimitedPartnershipUnitOutstanding,,,,,,,,,,,0.500,0.500,0.500,0.500,0.500,,0.512,0.512,0.512,,0.100,0.100,0.100
EffectOfExchangeRateOnCashAndCashEquivalents,,,2000.000,,,,2000.000,,,,-121000.000,,-2000.000,,,,0.000,,,,,,
EmployeeStockOwnershipPlanESOPCompensationExpense,2932000.000,2591000.000,2579000.000,1937000.000,2203000.000,2721000.000,2402000.000,7447000.000,2824000.000,3096000.000,3043000.000,3636000.000,4374000.000,3788000.000,8566000.000,7985000.000,5256000.000,3141000.000,9978000.000,9220000.000,3754000.000,2945000.000,4697000.000
ExtinguishmentOfDebtGainLossNetOfTax,,,,,,,,,,,,,0.000,,,,,,,,,,
GainLossFromComponentsExcludedFromAssessmentOfCashFlowHedgeEffectivenessNet,,,,,,,,,,,0.000,,0.000,,,,,,,,,,
GainLossOnCashFlowHedgeIneffectivenessNet,,,0.000,,,,0.000,,,,0.000,,0.000,,,,0.000,,,,0.000,,
GainLossOnDiscontinuationOfCashFlowHedgeDueToForecastedTransactionProbableOfNotOccurringNet,,,0.000,,,,0.000,,,,0.000,,0.000,,,,0.000,,,,0.000,,
GainLossOnDispositionOfAssets,-603000.000,-463000.000,-309000.000,-523000.000,-1220000.000,-3983000.000,-271000.000,-2120000.000,-3337000.000,-4693000.000,-357000.000,-1337000.000,-961000.000,-1414000.000,-2203000.000,-2521000.000,-14917000.000,-2524000.000,-5779000.000,-7615000.000,-6423000.000,45000.000,2393000.000
GainLossOnSaleOfPropertyPlantEquipment,,,,,,,,,,,,,,,,,-12112000.000,,,,,,
GainLossOnSalesOfAssetsAndAssetImpairmentCharges,,,,,,,,,,,,,,,,,-14917000.000,-2524000.000,-5779000.000,54055000.000,-6423000.000,-45000.000,-2393000.000
GainsLossesOnExtinguishmentOfDebt,-36449000.000,-10513000.000,,0.000,0.000,,,,,,-301000.000,-20901000.000,0.000,0.000,0.000,0.000,,,,,,,
GainsLossesOnSalesOfAssets,,,-309000.000,,,,-271000.000,,,,-357000.000,,-961000.000,,,,,,,,,,
GeneralAndAdministrativeExpense,18947000.000,18937000.000,11114000.000,11236000.000,9236000.000,11626000.000,11155000.000,12717000.000,15232000.000,14077000.000,14414000.000,16475000.000,23395000.000,10872000.000,10902000.000,32069000.000,19144000.000,10072000.000,13314000.000,14105000.000,14269000.000,12279000.000,9978000.000
GoodwillAcquiredDuringPeriod,,,,,,,,,,,,,,,,,0.000,,,,,,
GoodwillImpairmentLoss,,,,,,,,,,,,,,,,,29316000.000,0.000,0.000,-249186000.000,0.000,0.000,0.000
GoodwillOtherChanges,,,,,,,,,,,,,,,,,10184000.000,,,,,,
ImpairmentOfLongLivedAssetsToBeDisposedOf,,,,,,,,,,,,,,,,,12112000.000,0.000,0.000,0.000,0.000,0.000,0.000
IncomeLossFromContinuingOperationsBeforeIncomeTaxesMinorityInterestAndIncomeLossFromEquityMethodInvestments,23617000.000,3941000.000,-33525000.000,37558000.000,22206000.000,-36007000.000,-18060000.000,59760000.000,47203000.000,-29881000.000,-25107000.000,61887000.000,-33679000.000,87412000.000,37137000.000,-61096000.000,-81410000.000,58785000.000,20178000.000,-669624000.000,-44061000.000,39116000.000,6499000.000
IncomeTaxExpenseBenefit,1198000.000,572000.000,-630000.000,771000.000,1144000.000,-157000.000,-264000.000,917000.000,2023000.000,-821000.000,-50000.000,764000.000,-510000.000,1041000.000,917000.000,-1763000.000,-844000.000,1030000.000,1260000.000,-1482000.000,-590000.000,588000.000,-192000.000
IncomeTaxesPaid,,,3000.000,,,,18000.000,,,,0.000,,260000.000,,,,0.000,,,,,,
IncreaseDecreaseInAccountsAndNotesReceivable,,,48026000.000,,,,24696000.000,,,,47333000.000,,2873000.000,,,,-9484000.000,,,,-1310000.000,,
IncreaseDecreaseInAccountsPayable,,,48048000.000,,,,20047000.000,,,,37175000.000,,5141000.000,,,,-20139000.000,,,,7049000.000,,
IncreaseDecreaseInInterestPayableNet,,,5181000.000,,,,5139000.000,,,,4960000.000,,20070000.000,,,,28600000.000,,,,28495000.000,,
IncreaseDecreaseInInventories,,,48391000.000,,,,9215000.000,,,,23679000.000,,31589000.000,,,,-675000.000,,,,9702000.000,,
IncreaseDecreaseInNotesReceivables,,,,,,,,,,,,,,,,,,,,,,5000000.000,4500000.000
IncreaseDecreaseInOtherAccountsPayableAndAccruedLiabilities,,,26339000.000,,,,11420000.000,,,,,,,,,,,,,,,,
IncreaseDecreaseInOtherCurrentLiabilities,,,,,,,,,,,1022000.000,,-2068000.000,,,,-3468000.000,,,,21251000.000,,
IncreaseDecreaseInOtherDeferredLiability,,,38000.000,,,,442000.000,,,,,,,,,,,,,,,,
IncreaseDecreaseInOtherNoncurrentLiabilities,,,,,,,,,,,-133000.000,,-2779000.000,,,,3134000.000,,,,1872000.000,,
IncreaseDecreaseInPrepaidDeferredExpenseAndOtherAssets,,,12197000.000,,,,4532000.000,,,,11956000.000,,17142000.000,,,,-5997000.000,,,,-8032000.000,,
InterestAndDebtExpense,26395000.000,24933000.000,23387000.000,24046000.000,23471000.000,22350000.000,22435000.000,22619000.000,22084000.000,22007000.000,22093000.000,22090000.000,23912000.000,24375000.000,23510000.000,28599000.000,33788000.000,34730000.000,34371000.000,35048000.000,35428000.000,36819000.000,39860000.000
InterestExpense,,,,,,,,,,,,,23912000.000,24375000.000,23510000.000,28599000.000,33788000.000,34730000.000,34371000.000,35048000.000,35428000.000,36819000.000,39860000.000
InterestPaid,,,16817000.000,,,,16027000.000,,,,15842000.000,,2978000.000,,,,3780000.000,,,,5631000.000,,
LeaseAndRentalExpense,3543000.000,3650000.000,3529000.000,3528000.000,3789000.000,3802000.000,3923000.000,3827000.000,4098000.000,4135000.000,4066000.000,4274000.000,5532000.000,5795000.000,6347000.000,6599000.000,7032000.000,7278000.000,7244000.000,7279000.000,7349000.000,7416000.000,7270000.000
LegalFees,,,,,,,,,,,,,,,,,0.000,0.000,0.000,0.000,,,
LimitedLiabilityCompanyLLCOrLimitedPartnershipLPManagingMemberOrGeneralPartnerOwnershipInterest,,,,,,,,,,,0.010,,0.010,,,,0.010,,,,0.010,,
LimitedLiabilityCompanyLLCOrLimitedPartnershipLPMembersOrLimitedPartnersOwnershipInterest,,,,,,,,,,,0.270,,0.272,,,,0.224,,,,,,
LitigationSettlementExpense,,,,,,,,,,,,,,0.000,83000.000,,,,,,,,
NetCashProvidedByUsedInFinancingActivities,,,57283000.000,,,,-148000.000,,,,48922000.000,,105788000.000,,,,-17562000.000,,,,-39150000.000,,
NetCashProvidedByUsedInFinancingActivitiesContinuingOperations,,,57283000.000,,,,-148000.000,,,,48922000.000,,105788000.000,,,,-17562000.000,,,,-39150000.000,,
NetCashProvidedByUsedInInvestingActivities,,,-18861000.000,,,,-9438000.000,,,,-12418000.000,,-84800000.000,,,,-22046000.000,,,,-7726000.000,,
NetCashProvidedByUsedInInvestingActivitiesContinuingOperations,,,-18861000.000,,,,-9438000.000,,,,-12418000.000,,-84800000.000,,,,-22046000.000,,,,-7726000.000,,
NetCashProvidedByUsedInOperatingActivities,,,-32727000.000,,,,9833000.000,,,,-34412000.000,,-19406000.000,,,,40848000.000,,,,54550000.000,,
NetCashProvidedByUsedInOperatingActivitiesContinuingOperations,,,-32727000.000,,,,9833000.000,,,,-34412000.000,,-19406000.000,,,,40848000.000,,,,54550000.000,,
NetIncomeLoss,22129000.000,3173000.000,-32604000.000,36374000.000,20807000.000,-35529000.000,-17658000.000,58207000.000,44681000.000,-28804000.000,-24843000.000,60464000.000,-32875000.000,85458000.000,35812000.000,-58775000.000,-79793000.000,57127000.000,18685000.000,-661434000.000,-43073000.000,38098000.000,6536000.000
NetIncomeLossAllocatedToGeneralPartners,-221000.000,-32000.000,326000.000,-364000.000,-208000.000,356000.000,177000.000,-3138000.000,-447000.000,2844000.000,248000.000,-3663000.000,329000.000,-11955000.000,-358000.000,11688000.000,798000.000,-571000.000,-187000.000,6614000.000,431000.000,-381000.000,-66000.000
NetIncomeLossAllocatedToLimitedPartners,21908000.000,3141000.000,-32278000.000,36010000.000,20599000.000,-35173000.000,-17481000.000,55069000.000,44234000.000,-25960000.000,-24595000.000,56801000.000,-32546000.000,73503000.000,35454000.000,-47087000.000,-78995000.000,56556000.000,18498000.000,-654820000.000,-42642000.000,37717000.000,6470000.000
NetIncomeLossAttributableToNoncontrollingInterest,290000.000,196000.000,-291000.000,413000.000,255000.000,-321000.000,-138000.000,636000.000,499000.000,-256000.000,-214000.000,659000.000,-294000.000,913000.000,408000.000,-558000.000,-773000.000,628000.000,233000.000,-6708000.000,-398000.000,430000.000,155000.000
NetIncomeLossPerOutstandingLimitedPartnershipAndGeneralPartnershipUnitBasicAndDiluted,,0.040,-0.420,0.470,0.260,-0.450,-0.220,0.700,0.560,-0.330,-0.310,0.720,-0.400,0.890,0.430,-0.570,-0.790,0.580,0.190,-6.660,-0.440,0.390,0.070
NoncashOrPartNoncashAcquisitionValueOfLiabilitiesAssumed1,,,,,,,,,,,0.000,,,,,,,,,,,,
NonoperatingIncomeExpense,88000.000,243000.000,-33000.000,80000.000,201000.000,258000.000,91000.000,241000.000,185000.000,48000.000,216000.000,57000.000,-449000.000,-178000.000,212000.000,65000.000,-122000.000,-298000.000,331000.000,199000.000,508000.000,763000.000,162000.000
OperatingIncomeLoss,86373000.000,39144000.000,-10105000.000,61524000.000,45476000.000,-13915000.000,4284000.000,82138000.000,69102000.000,-7922000.000,-2929000.000,104821000.000,-9318000.000,111965000.000,60435000.000,-32562000.000,-47500000.000,93813000.000,54218000.000,-634775000.000,-9141000.000,75172000.000,46197000.000
OtherComprehensiveIncomeLossForeignCurrencyTransactionAndTranslationAdjustmentNetOfTax,,,,,,,2000.000,1000.000,-20000.000,-130000.000,-121000.000,-14000.000,-2000.000,0.000,0.000,0.000,0.000,0.000,0.000,0.000,,,
OtherComprehensiveIncomeLossNetOfTax,,,,,,,10469000.000,-1770000.000,2735000.000,3574000.000,9554000.000,1943000.000,-15027000.000,-37568000.000,18826000.000,-11807000.000,8610000.000,-2937000.000,20819000.000,2266000.000,9376000.000,15776000.000,-8429000.000
OtherComprehensiveIncomeLossNetOfTaxPeriodIncreaseDecrease,,,-4405000.000,,,,,,,,,,,,,,,,,,,,
OtherComprehensiveIncomeLossReclassificationAdjustmentFromAOCIOnDerivativesNetOfTax,,,,,,,,,,,929000.000,3826000.000,1128000.000,-7559000.000,-10907000.000,-10920000.000,-8226000.000,-8567000.000,-6138000.000,-4371000.000,-4238000.000,-514000.000,1933000.000
OtherComprehensiveIncomeLossReclassificationAdjustmentOnDerivativesIncludedInNetIncomeNetOfTax,,,,,,,4191000.000,4434000.000,1723000.000,,,,,,,,,,,,,,
OtherComprehensiveIncomeUnrealizedGainLossOnDerivativesArisingDuringPeriodNetOfTax,,,,,,,6276000.000,-6205000.000,1032000.000,3149000.000,10604000.000,5783000.000,-13897000.000,-45127000.000,7919000.000,-22542000.000,384000.000,-11504000.000,14681000.000,-1772000.000,5138000.000,15262000.000,-6496000.000
OtherCostAndExpenseOperating,110688000.000,104383000.000,100578000.000,104414000.000,95934000.000,100801000.000,97145000.000,106192000.000,107610000.000,101503000.000,103764000.000,118282000.000,106428000.000,107214000.000,107504000.000,116311000.000,116199000.000,115997000.000,115271000.000,111711000.000,105086000.000,113076000.000,104773000.000
OtherCostOfOperatingRevenue,38500000.000,60074000.000,6626000.000,24468000.000,49117000.000,15112000.000,9197000.000,47437000.000,66714000.000,21108000.000,13346000.000,48709000.000,23860000.000,70290000.000,59586000.000,16961000.000,14448000.000,55774000.000,41203000.000,14812000.000,11746000.000,20657000.000,20810000.000
OtherNoncashIncomeExpense,,,-581000.000,,,,-997000.000,,,,-1069000.000,,-864000.000,,,,-1409000.000,,,,-1302000.000,,
OtherNonoperatingIncomeExpense,,,,,,,,,,,,,449000.000,178000.000,-212000.000,-65000.000,122000.000,298000.000,-331000.000,-199000.000,-508000.000,-763000.000,-162000.000
OtherSalesRevenueNet,66813000.000,84664000.000,24207000.000,49705000.000,72975000.000,31260000.000,27628000.000,75791000.000,94612000.000,38169000.000,32807000.000,80237000.000,48994000.000,105106000.000,86884000.000,19201000.000,32175000.000,84049000.000,65119000.000,30418000.000,29099000.000,45088000.000,41996000.000
PartnersCapitalAccountAcquisitions,,,,,,,,,,,,,42803000.000,,,,,,,,,,
PartnersCapitalAccountDistributions,,,38758000.000,,,,40314000.000,,,,40343000.000,,42200000.000,,,,52493000.000,,,,50807000.000,,
PartnersCapitalAccountTreasuryUnitsPurchases,,,,,,,,,,,,,,,,,,,,,-15851000.000,,
PartnersCapitalAccountUnitBasedCompensation,,,,,,,106000.000,,,,106000.000,,,,,,,,,,,,
PaymentsForProceedsFromOtherInvestingActivities,,,,,,,,,,,8000.000,,0.000,,,,14000.000,,,,0.000,,
PaymentsForRepurchaseOfCommonStock,,,,,,,,,,,,,,,,,,,,,-15851000.000,,
PaymentsOfCapitalDistribution,,,,,,,39907000.000,,,,39935000.000,,41774000.000,,,,51963000.000,,,,50294000.000,,
PaymentsOfFinancingCosts,,,2500000.000,,,,0.000,,,,1257000.000,,182000.000,,,,142000.000,,,,1390000.000,,
PaymentsOfStockIssuanceCosts,,,,,,,,,,,,,52000.000,,,,0.000,,,,,,
PaymentsToAcquireBusinessesNetOfCashAcquired,,,5300000.000,,,,4300000.000,,,,460000.000,,68655000.000,,,,0.000,,,,,,
PaymentsToAcquireProductiveAssets,,,14924000.000,,,,9909000.000,,,,13267000.000,,17562000.000,,,,25607000.000,,,,10005000.000,,
PaymentsToMinorityShareholders,,,,,,,407000.000,,,,408000.000,,,,,,,,,,,,
PriceRiskCashFlowHedgeGainOrLossReclassifiedToEarningsNet,,,-2528000.000,,,,,,,,,,,,,,,,,,,,
ProceedsFromCollectionOfNotesReceivable,,,,,,,,,,,,,,,,,,,,,,,2500000.000
ProceedsFromCollectionOfRetainedInterestInSecuritizedReceivables,,,81000000.000,,,,82000000.000,,,,,,,,,,,,,,,,
ProceedsFromInterestReceived,,,,,,,,,,,,,,,,,,,,,,900000.000,
ProceedsFromIssuanceOfCommonLimitedPartnersUnits,,,,,,,,,,,,,41948000.000,,,,0.000,,,,,,
ProceedsFromIssuanceOfLongTermDebt,,,18656000.000,,,,11333000.000,,,,12071000.000,,83044000.000,,,,21321000.000,,,,25626000.000,,
ProceedsFromOtherShortTermDebt,,,,,,,8000000.000,,,,15000000.000,,14000000.000,,,,,,,,10000000.000,,
ProceedsFromPartnershipContribution,,,0.000,,,,,,,,,,424000.000,,,,30000.000,,,,0.000,,
ProceedsFromPaymentsToMinorityShareholders,,,,,,,,,,,,,5000.000,,,,-500000.000,,,,-513000.000,,
ProceedsFromRepaymentsOfShortTermDebt,,,61144000.000,,,,22167000.000,,,,65029000.000,,52711000.000,,,,20072000.000,,,,-4467000.000,,
ProceedsFromSaleOfProductiveAssets,,,1363000.000,,,,4771000.000,,,,1317000.000,,1417000.000,,,,3575000.000,,,,2279000.000,,
ProceedsFromStockOptionsExercised,,,0.000,,,,105000.000,,,,106000.000,,0.000,,,,,,,,,,
ProfitLoss,22419000.000,3369000.000,-32895000.000,36787000.000,21062000.000,-35850000.000,-17796000.000,58843000.000,45180000.000,-29060000.000,-25057000.000,61123000.000,-33169000.000,86371000.000,36220000.000,-59333000.000,-80566000.000,57755000.000,18918000.000,-668142000.000,-43471000.000,38528000.000,6691000.000
PropaneCosts,559416000.000,483101000.000,403122000.000,600600000.000,401521000.000,196643000.000,213657000.000,376236000.000,313207000.000,189161000.000,258754000.000,551506000.000,264814000.000,330692000.000,253684000.000,128034000.000,121751000.000,174829000.000,152261000.000,115592000.000,119212000.000,235029000.000,197487000.000
PropaneRevenue,774179000.000,647709000.000,514219000.000,779567000.000,556644000.000,310515000.000,335281000.000,583074000.000,508408000.000,312504000.000,382223000.000,789446000.000,394361000.000,560867000.000,445667000.000,256121000.000,245301000.000,376856000.000,338929000.000,241282000.000,242399000.000,437375000.000,369437000.000
PropertyPlantAndEquipmentAdditions,,,642000.000,,,,227000.000,,,,1244000.000,,1857000.000,,,,1727000.000,,,,-189000.000,,
ProvisionForDoubtfulAccounts,,,1952000.000,,,,1008000.000,,,,898000.000,,967000.000,,,,952000.000,,,,9000.000,,
RepaymentsOfLongTermDebt,,,1259000.000,,,,1439000.000,,,,1684000.000,,44388000.000,,,,4380000.000,,,,2261000.000,,
RepaymentsOfOtherLongTermDebt,,,,,,,,,,,,,,,,,2000000.000,,,,,,
Revenues,840992000.000,732373000.000,538426000.000,829272000.000,629619000.000,341775000.000,362909000.000,658865000.000,603020000.000,350673000.000,415030000.000,869683000.000,443355000.000,665973000.000,532551000.000,382511000.000,471146000.000,649238000.000,509472000.000,409511000.000,379542000.000,579250000.000,538109000.000
SalesRevenueNet,840992000.000,732373000.000,538426000.000,829272000.000,629619000.000,341775000.000,362909000.000,658865000.000,603020000.000,350673000.000,415030000.000,869683000.000,443355000.000,665973000.000,532551000.000,382511000.000,471146000.000,649238000.000,509472000.000,409511000.000,379542000.000,579250000.000,538109000.000
SeveranceCosts1,,,,,,,,,,,,,,,,,856000.000,0.000,469000.000,128000.000,1469000.000,490000.000,0.000
ShareBasedCompensation,,,2917000.000,,,,3092000.000,,,,4431000.000,,16112000.000,318000.000,3271000.000,6281000.000,8122000.000,-2456000.000,1091000.000,2567000.000,1881000.000,1417000.000,0.000
ShippingHandlingAndTransportationCosts,,,48463000.000,52690000.000,52287000.000,43849000.000,48815000.000,53153000.000,54559000.000,45177000.000,51020000.000,59962000.000,52105000.000,55165000.000,48385000.000,46244000.000,48079000.000,51449000.000,49919000.000,48782000.000,49502000.000,54805000.000,51830000.000
StockIssuedDuringPeriodSharesTreasuryStockReissued,,,,,,,,,,,,,1500000.000,,,,,,,,,,
StockIssuedDuringPeriodValueOther,,,,,,,,,,,,,42000000.000,,,,,,,,,,
SubsidiaryOfLimitedLiabilityCompanyOrLimitedPartnershipOwnershipInterest,,,0.990,,,,0.990,,,,0.990,,0.990,,,,0.990,,,,0.990,,
SubsidiaryOrEquityMethodInvesteeCumulativePercentageOwnershipAfterAllTransactions,,,1.000,,,,1.000,,,,1.000,,1.000,,,,1.000,,,,1.000,,
UnrealizedGainLossOnDerivativesAndCommodityContracts,,,,,,,,,,,,,,,-1609000.000,,,,,,,,
WeightedAverageNumberDilutedSharesOutstandingAdjustment,,,,62200.000,42400.000,,,,,,0.000,29300.000,0.000,7400.000,5700.000,,0.000,900.000,500.000,,0.000,0.000,0.000
WeightedAverageNumberOfDilutedSharesOutstanding,,,0.000,76463800.000,79002400.000,,,36100.000,31700.000,,79075800.000,79158700.000,82179700.000,82724300.000,82723300.000,-247620600.000,100376800.000,98335300.000,98003200.000,-296715300.000,97457600.000,97152700.000,97152700.000
WeightedAverageNumberOfShareOutstandingBasicAndDiluted,,,,,,,79013300.000,79051700.000,79086100.000,-158075500.000,,,,,,,,,,,,,
WeightedAverageNumberOfSharesOutstandingBasic,,,75966400.000,76401600.000,78960000.000,-153755600.000,79013300.000,79015600.000,79054400.000,-158044700.000,79075800.000,79129400.000,82179700.000,82716900.000,82717600.000,-162968000.000,100376800.000,98334400.000,98002700.000,-198031100.000,97457600.000,97152700.000,97152700.000
