,2011-06-30,2011-09-30,2012-03-31,2012-06-30,2012-09-30,2012-12-31,2013-03-31,2013-06-30,2013-09-30,2013-12-31,2014-03-31,2014-06-30,2014-09-30,2014-12-31,2015-03-31,2015-06-30,2015-09-30,2015-12-31,2016-03-31,2016-06-30,2016-09-30,2016-12-31,2017-03-31
AmortizationOfAcquiredIntangibleAssets,,,2805000.000,2777000.000,2778000.000,2777000.000,2777000.000,,,,,,,,,,,,,,,,
AmortizationOfIntangibleAssets,,,,,,,,2773000.000,2772000.000,,3756000.000,3424000.000,3457000.000,3172000.000,3138000.000,3119000.000,2979000.000,2966000.000,2965000.000,3604000.000,3599000.000,3240000.000,3200000.000
AntidilutiveSecuritiesExcludedFromComputationOfEarningsPerShareAmount,,,65000.000,1146000.000,1865000.000,-3014000.000,61000.000,108000.000,33000.000,-89000.000,57000.000,166000.000,107000.000,-232000.000,60000.000,223000.000,320000.000,-421000.000,492000.000,315000.000,296000.000,-781000.000,314000.000
BusinessCombinationAcquisitionRelatedCosts,144000.000,,,,,,,,545000.000,,206000.000,157000.000,54000.000,71000.000,26000.000,13000.000,,,919000.000,1623000.000,74000.000,0.000,
CashAndCashEquivalentsPeriodIncreaseDecrease,,,-26880000.000,,,,46206000.000,,,,64099000.000,,,,12895000.000,,,,-846000.000,,,,13244000.000
CommonStockDividendsPerShareDeclared,0.030,0.030,0.030,0.030,0.030,0.030,0.030,0.030,0.030,0.030,0.015,0.030,0.030,0.030,0.030,0.030,0.030,0.030,0.030,0.030,0.030,0.030,0.030
ComprehensiveIncomeNetOfTax,,,5403000.000,-3633000.000,1017000.000,20607000.000,7036000.000,4104000.000,11163000.000,16198000.000,10181000.000,2392000.000,-1254000.000,17691000.000,2930000.000,4780000.000,5559000.000,20158000.000,9284000.000,2479000.000,2075000.000,9560000.000,27929000.000
CostOfRevenue,40397000.000,41811000.000,41534000.000,39987000.000,37665000.000,38194000.000,37653000.000,37878000.000,38098000.000,43777000.000,45913000.000,46691000.000,46382000.000,46108000.000,50059000.000,54781000.000,55441000.000,53165000.000,56510000.000,60100000.000,60437000.000,62209000.000,68090000.000
DeferredIncomeTaxExpenseBenefit,,,,,,,,,,,,,,,,,,,650000.000,,,,727000.000
DepreciationDepletionAndAmortization,,,4525000.000,,,,4727000.000,,,,5846000.000,,,,5624000.000,,,,5466000.000,,,,6088000.000
DerivativeGainLossOnDerivativeNet,,,,,,,,-95000.000,-1173000.000,,-532000.000,,,,,,-319000.000,,-2297000.000,-1421000.000,-1237000.000,-688000.000,397000.000
DerivativeInstrumentsNotDesignatedAsHedgingInstrumentsGainLossNet,,,,,,,,,,,,,,,,,,,,,,,-279000.000
EarningsPerShareBasic,0.060,0.130,0.110,-0.060,-0.010,0.540,0.240,0.120,0.230,0.410,0.130,0.020,0.020,0.270,0.080,0.040,0.080,0.270,0.120,0.050,0.030,0.150,0.350
EarningsPerShareBasicAndDiluted,,,,,,,,0.120,,,,,,,,,,,,,,,
EarningsPerShareDiluted,0.060,0.130,0.100,-0.060,-0.010,0.530,0.230,0.120,0.220,0.410,0.120,0.020,0.020,0.260,0.080,0.040,0.080,0.260,0.110,0.050,0.030,0.150,0.330
EffectOfExchangeRateOnCashAndCashEquivalents,,,963000.000,,,,-2489000.000,,,,458000.000,,,,-2908000.000,,,,-434000.000,,,,521000.000
EmployeeServiceShareBasedCompensationTaxBenefitFromCompensationExpense,,,-876000.000,990000.000,915000.000,2670000.000,-1103000.000,944000.000,893000.000,3184000.000,991000.000,1591000.000,1395000.000,1586000.000,1783000.000,2328000.000,2326000.000,1661000.000,2605000.000,3085000.000,3227000.000,3281000.000,3815000.000
ExcessTaxBenefitFromShareBasedCompensationFinancingActivities,,,1622000.000,,,,725000.000,,,,971000.000,,,,822000.000,,,,1398000.000,,,,
ExcessTaxBenefitFromShareBasedCompensationOperatingActivities,,,1622000.000,,,,725000.000,,,,971000.000,,,,822000.000,,,,1398000.000,,,,
FiniteLivedIntangibleAssetsFutureAmortizationExpense,,,66564000.000,,,,,,,,,,,,,,,,,,,,
ForeignCurrencyTransactionGainLossBeforeTax,173000.000,-1049000.000,740000.000,-841000.000,438000.000,443000.000,-1890000.000,-437000.000,661000.000,73000.000,322000.000,-4000.000,-2845000.000,-1242000.000,-2962000.000,-968000.000,-412000.000,174000.000,1376000.000,306000.000,1082000.000,-517000.000,676000.000
FutureAmortizationExpenseAfterYearFive,,,11584000.000,,,,,,,,,,,,,,,,,,,,
FutureAmortizationExpenseRemainderOfFiscalYear,,,8332000.000,,,,,,,,,,,,,,,,,,,,
FutureAmortizationExpenseYearFive,,,8688000.000,,,,,,,,,,,,,,,,,,,,
FutureAmortizationExpenseYearFour,,,8688000.000,,,,,,,,,,,,,,,,,,,,
FutureAmortizationExpenseYearOne,,,11095000.000,,,,,,,,,,,,,,,,,,,,
FutureAmortizationExpenseYearThree,,,8688000.000,,,,,,,,,,,,,,,,,,,,
FutureAmortizationExpenseYearTwo,,,9489000.000,,,,,,,,,,,,,,,,,,,,
GeneralAndAdministrativeExpense,6839000.000,7222000.000,6315000.000,7664000.000,7192000.000,7744000.000,6796000.000,7277000.000,7130000.000,8391000.000,9302000.000,10250000.000,8825000.000,9065000.000,6345000.000,10214000.000,9579000.000,10600000.000,11048000.000,11294000.000,11725000.000,11884000.000,12335000.000
GoodwillForeignCurrencyTranslationGainLoss,,,,,,,,,,,,,,,,,,,,,,,18000.000
GoodwillPurchaseAccountingAdjustments,,,,,,,,,,,-594000.000,,,,,,,,,,,,-354000.000
GoodwillTranslationAdjustments,,,,,,,,,,,,,,,-83000.000,,,,-52000.000,,,,
GrossProfit,63121000.000,53692000.000,69633000.000,65069000.000,63992000.000,105636000.000,78593000.000,79437000.000,83913000.000,109605000.000,94551000.000,96294000.000,91249000.000,122816000.000,103859000.000,107238000.000,106962000.000,151190000.000,122348000.000,128896000.000,122365000.000,137401000.000,155157000.000
IncomeLossFromContinuingOperationsBeforeIncomeTaxesExtraordinaryItemsNoncontrollingInterest,,,,,,,,,,,,,,,,4501000.000,10246000.000,,13493000.000,5498000.000,5515000.000,10696000.000,31800000.000
IncomeLossFromContinuingOperationsBeforeIncomeTaxesMinorityInterestAndIncomeLossFromEquityMethodInvestments,3331000.000,-2451000.000,5931000.000,-3168000.000,32000.000,28150000.000,12018000.000,6657000.000,13410000.000,24308000.000,14541000.000,2387000.000,2352000.000,28714000.000,9260000.000,,,,,,,,
IncomeTaxExpenseBenefit,1058000.000,-7410000.000,1874000.000,-901000.000,363000.000,7741000.000,2949000.000,1954000.000,4700000.000,8747000.000,4776000.000,883000.000,470000.000,8610000.000,3325000.000,1397000.000,3921000.000,15540000.000,4488000.000,1851000.000,3097000.000,-1220000.000,4779000.000
IncreaseDecreaseInAccountsPayableAndAccruedLiabilities,,,-25800000.000,,,,-23799000.000,,,,-21587000.000,,,,-21621000.000,,,,-23427000.000,,,,-21193000.000
IncreaseDecreaseInAccountsReceivable,,,8130000.000,,,,-63200000.000,,,,-57291000.000,,,,299000.000,,,,-6697000.000,,,,-3383000.000
IncreaseDecreaseInDeferredIncomeTaxes,,,-214000.000,,,,-56000.000,,,,-44000.000,,,,3000.000,,,,,,,,
IncreaseDecreaseInDeferredRevenue,,,4696000.000,,,,6811000.000,,,,18337000.000,,,,33919000.000,,,,1129000.000,,,,9412000.000
IncreaseDecreaseInOtherNoncurrentAssetsAndLiabilitiesNet,,,-813000.000,,,,-211000.000,,,,691000.000,,,,201000.000,,,,-450000.000,,,,65000.000
IncreaseDecreaseInOtherOperatingAssets,,,156000.000,,,,-1604000.000,,,,-1629000.000,,,,4403000.000,,,,201000.000,,,,4382000.000
InvestmentIncomeInterest,91000.000,102000.000,111000.000,94000.000,113000.000,101000.000,118000.000,,,,,,,,,,,,,,,,
InvestmentIncomeNet,,,,,,,,135000.000,123000.000,,124000.000,163000.000,181000.000,215000.000,313000.000,216000.000,278000.000,249000.000,290000.000,188000.000,172000.000,126000.000,165000.000
LicenseCosts,1631000.000,1637000.000,1599000.000,1579000.000,1585000.000,1576000.000,1583000.000,1576000.000,1592000.000,1530000.000,1579000.000,1177000.000,1076000.000,1127000.000,1076000.000,1030000.000,1000000.000,1019000.000,1021000.000,1312000.000,1313000.000,1297000.000,1300000.000
LicensesRevenue,34645000.000,25346000.000,35943000.000,30999000.000,28575000.000,68389000.000,43209000.000,40206000.000,44802000.000,63659000.000,52614000.000,54012000.000,48292000.000,77418000.000,57975000.000,63497000.000,58948000.000,95168000.000,68345000.000,70671000.000,68833000.000,72146000.000,92390000.000
MaintenanceCosts,3260000.000,2980000.000,3609000.000,3718000.000,3745000.000,3715000.000,3735000.000,3772000.000,3599000.000,4166000.000,4664000.000,5044000.000,5385000.000,4921000.000,5180000.000,5476000.000,5644000.000,5603000.000,5915000.000,6315000.000,6659000.000,6616000.000,7218000.000
MaintenanceRevenue,28294000.000,29971000.000,30845000.000,34495000.000,32317000.000,35870000.000,36322000.000,37937000.000,37979000.000,45071000.000,44881000.000,45393000.000,47281000.000,48684000.000,48752000.000,49329000.000,52285000.000,52436000.000,52975000.000,55161000.000,55038000.000,57162000.000,58965000.000
NetCashProvidedByUsedInFinancingActivities,,,-2103000.000,,,,-4127000.000,,,,-6587000.000,,,,-6337000.000,,,,-18424000.000,,,,-15994000.000
NetCashProvidedByUsedInFinancingActivitiesContinuingOperations,,,-2103000.000,,,,-4127000.000,,,,-6587000.000,,,,-6337000.000,,,,-18424000.000,,,,-15994000.000
NetCashProvidedByUsedInInvestingActivities,,,-7966000.000,,,,-13224000.000,,,,-2630000.000,,,,-5381000.000,,,,9370000.000,,,,-3727000.000
NetCashProvidedByUsedInInvestingActivitiesContinuingOperations,,,-7966000.000,,,,-13224000.000,,,,-2630000.000,,,,-5381000.000,,,,9370000.000,,,,-3727000.000
NetCashProvidedByUsedInOperatingActivities,,,-17774000.000,,,,66046000.000,,,,72858000.000,,,,27521000.000,,,,8642000.000,,,,32444000.000
NetCashProvidedByUsedInOperatingActivitiesContinuingOperations,,,-17774000.000,,,,66046000.000,,,,72858000.000,,,,27521000.000,,,,8642000.000,,,,32444000.000
NetIncomeLoss,2273000.000,4959000.000,4057000.000,-2267000.000,-331000.000,20409000.000,9069000.000,4703000.000,8710000.000,15561000.000,9765000.000,1504000.000,1882000.000,20104000.000,5935000.000,3104000.000,6325000.000,20958000.000,9005000.000,3647000.000,2418000.000,11916000.000,27021000.000
OperatingExpenses,59887000.000,55700000.000,63714000.000,67753000.000,63591000.000,77846000.000,65642000.000,72384000.000,70124000.000,85301000.000,79924000.000,94072000.000,86252000.000,93123000.000,91950000.000,101988000.000,96251000.000,114399000.000,108223000.000,122536000.000,116867000.000,125625000.000,123919000.000
OperatingIncomeLoss,3234000.000,-2008000.000,5919000.000,-2684000.000,401000.000,27790000.000,12951000.000,7053000.000,13789000.000,24304000.000,14627000.000,2222000.000,4997000.000,29693000.000,11909000.000,5250000.000,10711000.000,36791000.000,14125000.000,6360000.000,5498000.000,11776000.000,31238000.000
OtherComprehensiveIncomeForeignCurrencyTransactionAndTranslationGainLossArisingDuringPeriodNetOfTax,,,1274000.000,-1341000.000,1315000.000,247000.000,-2070000.000,-417000.000,2340000.000,616000.000,385000.000,891000.000,-3046000.000,-2333000.000,-3096000.000,1762000.000,-928000.000,-548000.000,-7000.000,-1224000.000,-169000.000,-2169000.000,781000.000
OtherComprehensiveIncomeLossNetOfTaxPortionAttributableToParent,,,1346000.000,-1366000.000,1348000.000,198000.000,-2033000.000,-599000.000,2453000.000,637000.000,416000.000,888000.000,-3136000.000,-2413000.000,-3005000.000,1676000.000,-766000.000,-800000.000,279000.000,-1168000.000,-343000.000,-2356000.000,908000.000
OtherComprehensiveIncomeUnrealizedHoldingGainLossOnSecuritiesArisingDuringPeriodNetOfTax,,,72000.000,-25000.000,33000.000,-49000.000,37000.000,-182000.000,113000.000,21000.000,31000.000,-3000.000,-90000.000,-80000.000,91000.000,-86000.000,162000.000,-252000.000,286000.000,56000.000,-174000.000,-187000.000,127000.000
OtherNoncashIncomeExpense,,,-382000.000,,,,-1241000.000,,,,-222000.000,,,,-161000.000,,,,-2712000.000,,,,379000.000
OtherNonoperatingIncomeExpense,-167000.000,504000.000,-839000.000,263000.000,-920000.000,-184000.000,839000.000,-94000.000,-1163000.000,-217000.000,-532000.000,6000.000,19000.000,48000.000,,3000.000,-331000.000,,-2298000.000,-1356000.000,-1237000.000,-689000.000,-279000.000
PaymentsForRepurchaseOfCommonStock,,,814000.000,,,,3512000.000,,,,4630000.000,,,,2427000.000,,,,11887000.000,,,,13764000.000
PaymentsForRestructuring,,,,,,,,,,,50000.000,,,,88000.000,,,,,,,,
PaymentsOfDividendsCommonStock,,,1132000.000,,,,,,,,1145000.000,,,,2294000.000,,,,2297000.000,,,,2298000.000
PaymentsRelatedToTaxWithholdingForShareBasedCompensation,,,,,,,,,,,,,,,2584000.000,,,,5682000.000,,,,
PaymentsToAcquireBusinessesNetOfCashAcquired,,,,,,,,,,,793000.000,,,,535000.000,,,,255000.000,,,,290000.000
PaymentsToAcquireMarketableSecurities,,,10479000.000,,,,15779000.000,,,,11630000.000,,,,18120000.000,,,,8193000.000,,,,3322000.000
PaymentsToAcquirePropertyPlantAndEquipment,,,4267000.000,,,,1195000.000,,,,1228000.000,,,,3275000.000,,,,4251000.000,,,,2415000.000
ProceedsFromIssuanceOfSharesUnderIncentiveAndShareBasedCompensationPlansIncludingStockOptions,,,293000.000,,,,271000.000,,,,22000.000,,,,146000.000,,,,44000.000,,,,68000.000
ProceedsFromMaturitiesPrepaymentsAndCallsOfAvailableForSaleSecurities,,,6780000.000,,,,3750000.000,,,,11021000.000,,,,16549000.000,,,,15890000.000,,,,2300000.000
ProceedsFromSaleOfAvailableForSaleSecurities,,,,,,,,,,,,,,,,,,,6179000.000,,,,
ResearchAndDevelopmentExpense,15696000.000,16218000.000,19004000.000,18901000.000,19506000.000,19315000.000,19576000.000,19761000.000,19786000.000,20603000.000,24609000.000,27323000.000,28558000.000,28101000.000,29844000.000,31372000.000,33032000.000,32126000.000,34920000.000,35574000.000,38036000.000,37018000.000,40296000.000
RestructuringCharges,,-203000.000,,,,,,,,,,,192000.000,,0.000,,,,258000.000,29000.000,,,
RestructuringReserveSettledWithCash,,,306000.000,,,,,,,,,,,,,,,,,,,,
Revenues,103518000.000,95503000.000,111167000.000,105056000.000,101657000.000,143830000.000,116246000.000,117315000.000,122011000.000,153382000.000,140464000.000,142985000.000,137631000.000,168924000.000,153918000.000,162019000.000,162403000.000,204355000.000,178858000.000,188996000.000,182802000.000,,223247000.000
SalesRevenueNet,103518000.000,95503000.000,111167000.000,105056000.000,101657000.000,143830000.000,116246000.000,117315000.000,122011000.000,153382000.000,140464000.000,142985000.000,137631000.000,168924000.000,153918000.000,162019000.000,162403000.000,204355000.000,178858000.000,188996000.000,182802000.000,,223247000.000
SellingAndMarketingExpense,37208000.000,32463000.000,38395000.000,41188000.000,36893000.000,50787000.000,39270000.000,45346000.000,42663000.000,53815000.000,45807000.000,56342000.000,48623000.000,55886000.000,55735000.000,60389000.000,53640000.000,71623000.000,61078000.000,74016000.000,67032000.000,76723000.000,71288000.000
ShareBasedCompensation,,,2852000.000,2986000.000,2784000.000,2884000.000,3432000.000,3281000.000,3000000.000,3156000.000,3295000.000,5158000.000,5268000.000,5484000.000,6269000.000,8645000.000,8091000.000,7049000.000,8935000.000,10881000.000,10818000.000,10187000.000,12508000.000
StockholdersEquityNoteStockSplitConversionRatio1,,,,,,,,,,,2.000,,,,,,,,,,,,
TechnologyServicesCosts,35506000.000,37194000.000,36326000.000,34690000.000,32335000.000,32903000.000,32335000.000,32530000.000,32907000.000,38081000.000,39670000.000,40470000.000,39921000.000,40060000.000,43803000.000,48275000.000,48797000.000,46543000.000,49574000.000,52473000.000,52465000.000,54296000.000,59572000.000
TechnologyServicesRevenue,40579000.000,40186000.000,44379000.000,39562000.000,40765000.000,39571000.000,36715000.000,39172000.000,39230000.000,44652000.000,42969000.000,43580000.000,42058000.000,42822000.000,47191000.000,49193000.000,51170000.000,56751000.000,57538000.000,63164000.000,58931000.000,70302000.000,71892000.000
WeightedAverageNumberDilutedSharesOutstandingAdjustment,,,1133000.000,,,,841000.000,800000.000,1124000.000,-1751000.000,2363000.000,1994000.000,2302000.000,-4455000.000,2191000.000,2324000.000,2640000.000,-4619000.000,2503000.000,2651000.000,2804000.000,-4569000.000,5114000.000
WeightedAverageNumberOfDilutedSharesOutstanding,38851000.000,38930000.000,38889000.000,37865000.000,37881000.000,-75776000.000,38788000.000,38749000.000,39079000.000,-77629000.000,78661000.000,78280000.000,78653000.000,-157063000.000,78592000.000,78950000.000,79174000.000,-157673000.000,78878000.000,78969000.000,79082000.000,-157197000.000,81875000.000
WeightedAverageNumberOfSharesOutstandingBasic,37405000.000,37588000.000,37756000.000,37865000.000,37881000.000,-75649000.000,37947000.000,37949000.000,37955000.000,-75878000.000,76298000.000,76286000.000,76351000.000,-152608000.000,76401000.000,76626000.000,76534000.000,-153054000.000,76375000.000,76318000.000,76278000.000,-152628000.000,76761000.000
