,2011-03-31,2011-06-30,2011-09-30,2011-12-31,2012-03-31,2012-06-30,2012-09-30,2012-12-31,2013-03-31,2013-06-30,2013-09-30,2013-12-31,2014-03-31,2014-06-30,2014-09-30,2014-12-31,2015-03-31,2015-06-30,2015-09-30,2015-12-31,2016-03-31,2016-06-30,2016-09-30,2016-12-31,2017-03-31
AllocatedShareBasedCompensationExpense,,,,,2000000.000,,,,,,,,,,,,,,,,,,,,
AntidilutiveSecuritiesExcludedFromComputationOfEarningsPerShareAmount,,,,,202064.000,,,,831243.000,,,,782.000,,,,183315.000,,,,335826.000,,,,834.000
CapitalExpendituresIncurredButNotYetPaid,25000000.000,22000000.000,23000000.000,-35000000.000,29000000.000,30000000.000,25000000.000,-42000000.000,31000000.000,24000000.000,27000000.000,-30000000.000,40000000.000,39000000.000,39000000.000,-77000000.000,34000000.000,41000000.000,37000000.000,-62000000.000,41000000.000,35000000.000,51000000.000,-59000000.000,50000000.000
CashAndCashEquivalentsPeriodIncreaseDecrease,-34000000.000,-38000000.000,2000000.000,51000000.000,-21000000.000,-12000000.000,26000000.000,16000000.000,10000000.000,2000000.000,41000000.000,-1000000.000,-8000000.000,-7000000.000,15000000.000,7000000.000,6000000.000,-38000000.000,-30000000.000,67000000.000,87000000.000,-63000000.000,13000000.000,23000000.000,-6000000.000
ComprehensiveIncomeNetOfTax,78000000.000,74000000.000,-48000000.000,-87000000.000,59000000.000,49000000.000,142000000.000,-1000000.000,32000000.000,45000000.000,38000000.000,116000000.000,43000000.000,90000000.000,20000000.000,-112000000.000,-20000000.000,102000000.000,11000000.000,34000000.000,84000000.000,69000000.000,185000000.000,25000000.000,91000000.000
ComprehensiveIncomeNetOfTaxAttributableToNoncontrollingInterest,6000000.000,6000000.000,5000000.000,8000000.000,5000000.000,9000000.000,,,,,,,,,,,,,,,16000000.000,15000000.000,17000000.000,18000000.000,16000000.000
ComprehensiveIncomeNetOfTaxIncludingPortionAttributableToNoncontrollingInterest,84000000.000,80000000.000,-43000000.000,-79000000.000,64000000.000,58000000.000,149000000.000,8000000.000,39000000.000,56000000.000,48000000.000,127000000.000,49000000.000,101000000.000,31000000.000,-98000000.000,-5000000.000,114000000.000,23000000.000,47000000.000,100000000.000,84000000.000,202000000.000,43000000.000,107000000.000
CostOfGoodsSoldExcludingDepreciationDepletionAndAmortization,,,,,,,,,,,,,,,,,,,1707000000.000,,1770000000.000,1810000000.000,1741000000.000,1790000000.000,1925000000.000
CostsAndExpenses,1661000000.000,1772000000.000,1687000000.000,1696000000.000,1812000000.000,1782000000.000,1665000000.000,1669000000.000,1808000000.000,1925000000.000,1889000000.000,1914000000.000,1979000000.000,2084000000.000,1937000000.000,1921000000.000,1902000000.000,1974000000.000,1908000000.000,1901000000.000,2010000000.000,2033000000.000,1944000000.000,2079000000.000,2164000000.000
DeferredIncomeTaxExpenseBenefit,-5000000.000,,2000000.000,,-5000000.000,-2000000.000,-87000000.000,29000000.000,-5000000.000,21000000.000,-10000000.000,-1000000.000,2000000.000,-3000000.000,-12000000.000,12000000.000,-6000000.000,-7000000.000,12000000.000,1000000.000,3000000.000,10000000.000,-86000000.000,-6000000.000,8000000.000
DepreciationDepletionAndAmortization,51000000.000,54000000.000,51000000.000,51000000.000,49000000.000,50000000.000,49000000.000,57000000.000,50000000.000,50000000.000,51000000.000,54000000.000,51000000.000,52000000.000,52000000.000,53000000.000,50000000.000,51000000.000,53000000.000,49000000.000,54000000.000,52000000.000,53000000.000,53000000.000,52000000.000
EarningsPerShareBasic,0.780,0.840,0.510,0.490,0.500,1.450,2.090,0.540,0.900,1.040,0.190,0.900,0.760,1.340,1.290,0.330,0.810,1.270,0.890,1.170,1.000,1.510,3.240,0.740,1.170
EarningsPerShareDiluted,0.750,0.810,0.490,0.500,0.490,1.420,2.050,0.540,0.880,1.020,0.190,0.880,0.750,1.320,1.270,0.320,0.800,1.260,0.880,1.170,0.990,1.490,3.210,0.750,1.160
EffectOfExchangeRateOnCashAndCashEquivalents,,5000000.000,-21000000.000,,10000000.000,-8000000.000,5000000.000,-1000000.000,7000000.000,-19000000.000,10000000.000,-8000000.000,-6000000.000,4000000.000,-4000000.000,-9000000.000,-7000000.000,1000000.000,-25000000.000,-6000000.000,7000000.000,-7000000.000,3000000.000,-1000000.000,8000000.000
EffectiveIncomeTaxRateReconciliationAtFederalStatutoryIncomeTaxRate,,,,,0.350,,,,,,,,,,,,,,,,,,,,
EmployeeServiceShareBasedCompensationTaxBenefitRealizedFromExerciseOfStockOptions,,,,,,,,,,,,,1000000.000,3000000.000,4000000.000,,3000000.000,,,,1000000.000,,,,2000000.000
ExcessTaxBenefitFromShareBasedCompensationFinancingActivities,,,,,,,,,,,17000000.000,,12000000.000,5000000.000,1000000.000,8000000.000,3000000.000,3000000.000,-5000000.000,5000000.000,0.000,1000000.000,,,
GainLossOnDispositionOfAssets,,-1000000.000,-2000000.000,,-1000000.000,-1000000.000,-1000000.000,-1000000.000,0.000,-2000000.000,1000000.000,0.000,-1000000.000,-1000000.000,-3000000.000,-1000000.000,0.000,-1000000.000,-1000000.000,-2000000.000,,-1000000.000,-1000000.000,,-1000000.000
GainLossOnSaleOfAccountsReceivable,-1000000.000,-2000000.000,-1000000.000,-1000000.000,-1000000.000,-1000000.000,-1000000.000,-1000000.000,-1000000.000,-1000000.000,-1000000.000,-1000000.000,-1000000.000,-1000000.000,-1000000.000,-1000000.000,-1000000.000,-1000000.000,-1000000.000,-1000000.000,-1000000.000,-1000000.000,-2000000.000,-1000000.000,-1000000.000
GoodwillImpairmentLoss,,,11000000.000,,,,,,,,,,,,,,,,,,,,,,
IncomeLossFromContinuingOperationsBeforeIncomeTaxesExtraordinaryItemsNoncontrollingInterest,,,,,54000000.000,116000000.000,90000000.000,63000000.000,73000000.000,121000000.000,52000000.000,98000000.000,94000000.000,137000000.000,120000000.000,50000000.000,104000000.000,138000000.000,100000000.000,110000000.000,106000000.000,143000000.000,128000000.000,59000000.000,112000000.000
IncomeLossFromContinuingOperationsBeforeIncomeTaxesMinorityInterestAndIncomeLossFromEquityMethodInvestments,,,,,54000000.000,116000000.000,90000000.000,63000000.000,73000000.000,121000000.000,52000000.000,98000000.000,94000000.000,137000000.000,120000000.000,50000000.000,104000000.000,138000000.000,100000000.000,110000000.000,106000000.000,143000000.000,128000000.000,59000000.000,112000000.000
IncomeLossFromContinuingOperationsBeforeInterestExpenseInterestIncomeIncomeTaxesExtraordinaryItemsNoncontrollingInterestsNet,,,,,,,,,,,,,,,,,,,116000000.000,,124000000.000,177000000.000,152000000.000,75000000.000,127000000.000
IncomeLossFromEquityMethodInvestments,,,,,,,,,0.000,0.000,0.000,,0.000,0.000,0.000,,0.000,0.000,0.000,0.000,0.000,0.000,0.000,0.000,0.000
IncomeTaxExpenseBenefit,14000000.000,30000000.000,21000000.000,23000000.000,18000000.000,21000000.000,-42000000.000,22000000.000,12000000.000,47000000.000,30000000.000,33000000.000,40000000.000,46000000.000,31000000.000,14000000.000,41000000.000,47000000.000,34000000.000,27000000.000,34000000.000,40000000.000,-69000000.000,-2000000.000,34000000.000
IncomeTaxReconciliationOtherReconcilingItems,,,,,,,,,,,,,,,,,1000000.000,2000000.000,12000000.000,,3000000.000,2000000.000,105000000.000,,1000000.000
IncomeTaxesPaidNet,10000000.000,23000000.000,25000000.000,27000000.000,17000000.000,19000000.000,18000000.000,26000000.000,25000000.000,46000000.000,21000000.000,17000000.000,21000000.000,53000000.000,24000000.000,38000000.000,0.000,35000000.000,44000000.000,26000000.000,21000000.000,37000000.000,30000000.000,25000000.000,15000000.000
IncreaseDecreaseInAccountsPayable,139000000.000,-5000000.000,25000000.000,-15000000.000,88000000.000,-2000000.000,-50000000.000,-24000000.000,77000000.000,72000000.000,-38000000.000,50000000.000,87000000.000,73000000.000,-44000000.000,-22000000.000,77000000.000,-14000000.000,7000000.000,20000000.000,56000000.000,6000000.000,-7000000.000,54000000.000,91000000.000
IncreaseDecreaseInAccruedIncomeTaxesPayable,8000000.000,-8000000.000,-7000000.000,0.000,1000000.000,17000000.000,19000000.000,-30000000.000,-5000000.000,-8000000.000,8000000.000,-5000000.000,5000000.000,-5000000.000,6000000.000,-6000000.000,12000000.000,10000000.000,-29000000.000,6000000.000,15000000.000,-6000000.000,1000000.000,-6000000.000,3000000.000
IncreaseDecreaseInInterestPayableNet,8000000.000,-8000000.000,9000000.000,,,-4000000.000,5000000.000,,4000000.000,-4000000.000,4000000.000,-4000000.000,4000000.000,-4000000.000,5000000.000,-11000000.000,13000000.000,-12000000.000,12000000.000,-12000000.000,12000000.000,-12000000.000,9000000.000,3000000.000,-5000000.000
IncreaseDecreaseInInventories,77000000.000,-17000000.000,25000000.000,-21000000.000,76000000.000,7000000.000,-2000000.000,-9000000.000,40000000.000,-22000000.000,21000000.000,-42000000.000,81000000.000,23000000.000,21000000.000,-51000000.000,59000000.000,-13000000.000,19000000.000,-29000000.000,51000000.000,-2000000.000,12000000.000,-4000000.000,45000000.000
IncreaseDecreaseInOtherCurrentLiabilities,,,-2000000.000,,13000000.000,2000000.000,,,-8000000.000,15000000.000,79000000.000,-22000000.000,13000000.000,11000000.000,-10000000.000,-1000000.000,-2000000.000,20000000.000,13000000.000,-41000000.000,-17000000.000,0.000,10000000.000,33000000.000,-8000000.000
IncreaseDecreaseInOtherNoncurrentAssets,,,-1000000.000,,-8000000.000,-1000000.000,-7000000.000,2000000.000,0.000,-3000000.000,-6000000.000,2000000.000,-1000000.000,0.000,-2000000.000,-9000000.000,-2000000.000,1000000.000,0.000,-2000000.000,-3000000.000,-1000000.000,-1000000.000,-1000000.000,1000000.000
IncreaseDecreaseInOtherNoncurrentLiabilities,,,-10000000.000,,-5000000.000,-17000000.000,-13000000.000,-2000000.000,-10000000.000,-10000000.000,-11000000.000,-1000000.000,-13000000.000,3000000.000,-17000000.000,14000000.000,-3000000.000,1000000.000,2000000.000,-2000000.000,-5000000.000,3000000.000,11000000.000,17000000.000,1000000.000
IncreaseDecreaseInOtherOperatingCapitalNet,1000000.000,2000000.000,-3000000.000,-7000000.000,2000000.000,-3000000.000,-4000000.000,0.000,-4000000.000,-3000000.000,-1000000.000,3000000.000,-3000000.000,2000000.000,3000000.000,15000000.000,2000000.000,2000000.000,-2000000.000,-2000000.000,-1000000.000,-1000000.000,-2000000.000,2000000.000,-1000000.000
IncreaseDecreaseInOtherOperatingLiabilities,1000000.000,16000000.000,,,,,,,,,,,,,,,,,,,,,,,
IncreaseDecreaseInPrepaidDeferredExpenseAndOtherAssets,15000000.000,9000000.000,-6000000.000,-5000000.000,16000000.000,23000000.000,1000000.000,-19000000.000,49000000.000,32000000.000,16000000.000,-44000000.000,38000000.000,14000000.000,5000000.000,24000000.000,7000000.000,-4000000.000,1000000.000,-41000000.000,19000000.000,16000000.000,34000000.000,-61000000.000,57000000.000
IncreaseDecreaseInReceivables,251000000.000,39000000.000,24000000.000,-131000000.000,181000000.000,31000000.000,-55000000.000,-148000000.000,176000000.000,77000000.000,27000000.000,-192000000.000,234000000.000,69000000.000,-67000000.000,-153000000.000,194000000.000,26000000.000,17000000.000,-147000000.000,160000000.000,19000000.000,10000000.000,26000000.000,137000000.000
IncreaseDecreaseInRestrictedCash,,,,,,,,,9000000.000,-4000000.000,0.000,,1000000.000,-1000000.000,0.000,,-3000000.000,2000000.000,0.000,-1000000.000,1000000.000,1000000.000,-1000000.000,0.000,1000000.000
InterestCostsCapitalized,1000000.000,1000000.000,1000000.000,1000000.000,1000000.000,1000000.000,1000000.000,1000000.000,1000000.000,1000000.000,1000000.000,1000000.000,1000000.000,1000000.000,1000000.000,2000000.000,1000000.000,,,,,,,,
InterestExpense,28000000.000,26000000.000,27000000.000,27000000.000,42000000.000,21000000.000,21000000.000,21000000.000,20000000.000,20000000.000,20000000.000,20000000.000,19000000.000,19000000.000,20000000.000,33000000.000,16000000.000,17000000.000,16000000.000,18000000.000,18000000.000,34000000.000,24000000.000,16000000.000,15000000.000
InterestExpenseRelatedParty,,,,,,,,,,,,,,,,,,,,,0.000,0.000,0.000,0.000,0.000
InterestPaid,19000000.000,34000000.000,18000000.000,35000000.000,35000000.000,24000000.000,16000000.000,25000000.000,16000000.000,23000000.000,16000000.000,24000000.000,14000000.000,24000000.000,15000000.000,40000000.000,4000000.000,29000000.000,5000000.000,30000000.000,6000000.000,42000000.000,14000000.000,14000000.000,22000000.000
NetCashProvidedByUsedInFinancingActivities,114000000.000,-58000000.000,-3000000.000,-79000000.000,122000000.000,-27000000.000,-25000000.000,-159000000.000,178000000.000,-56000000.000,38000000.000,-335000000.000,229000000.000,-40000000.000,1000000.000,-170000000.000,141000000.000,-94000000.000,-36000000.000,,183000000.000,-112000000.000,-51000000.000,,102000000.000
NetCashProvidedByUsedInFinancingActivitiesContinuingOperations,114000000.000,-58000000.000,-3000000.000,-79000000.000,122000000.000,-27000000.000,-25000000.000,-159000000.000,178000000.000,-56000000.000,38000000.000,-335000000.000,229000000.000,-40000000.000,1000000.000,-170000000.000,141000000.000,-94000000.000,-36000000.000,,183000000.000,-112000000.000,-51000000.000,,102000000.000
NetCashProvidedByUsedInInvestingActivities,-45000000.000,-52000000.000,-54000000.000,-73000000.000,-68000000.000,-63000000.000,-79000000.000,-63000000.000,-83000000.000,-56000000.000,-57000000.000,-70000000.000,-91000000.000,-85000000.000,-97000000.000,-66000000.000,-78000000.000,-77000000.000,-75000000.000,,-74000000.000,-73000000.000,-78000000.000,,-107000000.000
NetCashProvidedByUsedInInvestingActivitiesContinuingOperations,-45000000.000,-52000000.000,-54000000.000,-73000000.000,-68000000.000,-63000000.000,-79000000.000,-63000000.000,-83000000.000,-56000000.000,-57000000.000,-70000000.000,-91000000.000,-85000000.000,-97000000.000,-66000000.000,-78000000.000,-77000000.000,-75000000.000,,-74000000.000,-73000000.000,-78000000.000,,-107000000.000
NetCashProvidedByUsedInOperatingActivities,-103000000.000,67000000.000,80000000.000,201000000.000,-85000000.000,86000000.000,125000000.000,239000000.000,-92000000.000,133000000.000,50000000.000,412000000.000,-140000000.000,114000000.000,115000000.000,252000000.000,-50000000.000,132000000.000,106000000.000,,-29000000.000,129000000.000,139000000.000,,-9000000.000
NetCashProvidedByUsedInOperatingActivitiesContinuingOperations,-103000000.000,67000000.000,80000000.000,201000000.000,-85000000.000,86000000.000,125000000.000,239000000.000,-92000000.000,133000000.000,50000000.000,412000000.000,-140000000.000,114000000.000,115000000.000,252000000.000,-50000000.000,132000000.000,106000000.000,,-29000000.000,129000000.000,139000000.000,,-9000000.000
NetIncomeLoss,47000000.000,50000000.000,30000000.000,30000000.000,30000000.000,87000000.000,125000000.000,33000000.000,54000000.000,63000000.000,12000000.000,54000000.000,46000000.000,81000000.000,78000000.000,21000000.000,49000000.000,78000000.000,52000000.000,68000000.000,57000000.000,86000000.000,180000000.000,40000000.000,63000000.000
NetIncomeLossAttributableToNoncontrollingInterest,5000000.000,7000000.000,6000000.000,8000000.000,6000000.000,8000000.000,7000000.000,8000000.000,7000000.000,11000000.000,10000000.000,11000000.000,8000000.000,10000000.000,11000000.000,15000000.000,14000000.000,13000000.000,14000000.000,15000000.000,15000000.000,17000000.000,17000000.000,21000000.000,15000000.000
NonoperatingIncomeExpense,-5000000.000,-3000000.000,-2000000.000,0.000,-4000000.000,-1000000.000,-2000000.000,0.000,-2000000.000,-1000000.000,-2000000.000,1000000.000,-2000000.000,-1000000.000,-4000000.000,0.000,-1000000.000,-1000000.000,-1000000.000,-2000000.000,-2000000.000,-2000000.000,0.000,-1000000.000,-1000000.000
OtherComprehensiveIncomeAmortizationOfDefinedBenefitPlanNetPriorServiceCostCreditRecognizedInNetPeriodicBenefitCostBeforeTax,,,,,1000000.000,,,,,,,,,,,,,,,,,,,,
OtherComprehensiveIncomeAmortizationOfDefinedBenefitPlanNetPriorServiceCostRecognizedInNetPeriodicPensionCostNetOfTax,,,,,1000000.000,,,,,,,,,,,,,,,,,,,,
OtherComprehensiveIncomeAmortizationOfDefinedBenefitPlanNetPriorServiceCostRecognizedInNetPeriodicPensionCostTax,,,,,,,,,0.000,0.000,0.000,,,,,,,,,,,,,,
OtherComprehensiveIncomeDefinedBenefitPlansAdjustmentBeforeTaxPeriodIncreaseDecrease,,,,,4000000.000,,,,,,,,,,,,,,,,,,,,
OtherComprehensiveIncomeDefinedBenefitPlansAdjustmentNetOfTaxPeriodIncreaseDecrease,1000000.000,3000000.000,4000000.000,-110000000.000,3000000.000,,,,,,,,,,,,,,,,,,,,
OtherComprehensiveIncomeDefinedBenefitPlansAdjustmentNetOfTaxPortionAttributableToParent,-1000000.000,-3000000.000,-4000000.000,110000000.000,-3000000.000,5000000.000,,,,,,,,,,,,,,,-4000000.000,-3000000.000,-4000000.000,-30000000.000,-7000000.000
OtherComprehensiveIncomeDefinedBenefitPlansTax,,,,,1000000.000,,,,,,,,,,,,,,,,,,,,
OtherComprehensiveIncomeForeignCurrencyTransactionAndTranslationAdjustmentNetOfTaxPeriodIncreaseDecrease,31000000.000,20000000.000,-83000000.000,-7000000.000,25000000.000,,,,,,,,,,,,,,,,,,,,
OtherComprehensiveIncomeForeignCurrencyTransactionAndTranslationAdjustmentNetOfTaxPortionAttributableToNoncontrollingInterest,1000000.000,-1000000.000,-1000000.000,0.000,-1000000.000,1000000.000,,,,,,,,,,,,,,,1000000.000,-2000000.000,,,1000000.000
OtherComprehensiveIncomeForeignCurrencyTransactionAndTranslationAdjustmentNetOfTaxPortionAttributableToParent,30000000.000,21000000.000,-82000000.000,-7000000.000,26000000.000,-43000000.000,,,,,,,,,,,,,,,23000000.000,-20000000.000,1000000.000,-45000000.000,21000000.000
OtherComprehensiveIncomeForeignCurrencyTransactionAndTranslationGainLossArisingDuringPeriodNetOfTax,,,,,,,,,,,,,,,,,,,-47000000.000,,,,,,
OtherComprehensiveIncomeLossAmortizationAdjustmentFromAOCIPensionAndOtherPostretirementBenefitPlansForNetPriorServiceCostCreditBeforeTax,,,,,,,,,,,,,0.000,-2000000.000,-2000000.000,9000000.000,-1000000.000,-1000000.000,0.000,5000000.000,0.000,0.000,,,4000000.000
OtherComprehensiveIncomeLossAmortizationAdjustmentFromAOCIPensionAndOtherPostretirementBenefitPlansForNetPriorServiceCostCreditNetOfTax,,,,,,,,,,,,,0.000,-2000000.000,-2000000.000,0.000,-1000000.000,-1000000.000,0.000,-1000000.000,0.000,0.000,,,3000000.000
OtherComprehensiveIncomeLossAmortizationAdjustmentFromAOCIPensionAndOtherPostretirementBenefitPlansForNetPriorServiceCostCreditTax,,,,,,,,,,,,,0.000,0.000,0.000,1000000.000,0.000,0.000,0.000,0.000,0.000,0.000,,,-1000000.000
OtherComprehensiveIncomeLossAmortizationPensionAndOtherPostretirementBenefitPlansNetPriorServiceCostRecognizedInNetPeriodicBenefitCostBeforeTax,,,,,,1000000.000,-2000000.000,,1000000.000,1000000.000,2000000.000,,,,,,,,,,,,,,
OtherComprehensiveIncomeLossAmortizationPensionAndOtherPostretirementBenefitPlansNetPriorServiceCostRecognizedInNetPeriodicPensionCostNetOfTax,,,,,,1000000.000,-2000000.000,,1000000.000,1000000.000,2000000.000,,,,,,,,,,,,,,
OtherComprehensiveIncomeLossForeignCurrencyTransactionAndTranslationAdjustmentNetOfTax,,,,,,-42000000.000,14000000.000,,-26000000.000,-24000000.000,23000000.000,-10000000.000,-8000000.000,7000000.000,-60000000.000,-46000000.000,-71000000.000,21000000.000,-47000000.000,-38000000.000,24000000.000,-22000000.000,1000000.000,-48000000.000,22000000.000
OtherComprehensiveIncomeLossNetOfTax,,,,,,-37000000.000,17000000.000,,-22000000.000,-18000000.000,26000000.000,62000000.000,-5000000.000,10000000.000,-58000000.000,-134000000.000,-68000000.000,23000000.000,-43000000.000,-36000000.000,28000000.000,-19000000.000,5000000.000,-18000000.000,29000000.000
OtherComprehensiveIncomeLossNetOfTaxPeriodIncreaseDecrease,32000000.000,23000000.000,-79000000.000,-117000000.000,28000000.000,,,,,,,,,,,,,,,,,,,,
OtherComprehensiveIncomeLossNetOfTaxPortionAttributableToParent,31000000.000,24000000.000,-78000000.000,-117000000.000,29000000.000,-38000000.000,,,,,,,,,,,,,,,,,,,
OtherComprehensiveIncomeLossPensionAndOtherPostretirementBenefitPlansAdjustmentBeforeTax,,,,,,5000000.000,2000000.000,,-5000000.000,-6000000.000,-5000000.000,147000000.000,-4000000.000,-3000000.000,-3000000.000,-101000000.000,-4000000.000,-3000000.000,-6000000.000,26000000.000,-5000000.000,-5000000.000,-5000000.000,85000000.000,-10000000.000
OtherComprehensiveIncomeLossPensionAndOtherPostretirementBenefitPlansAdjustmentNetOfTax,,,,,,5000000.000,3000000.000,,-4000000.000,-6000000.000,-3000000.000,-72000000.000,-3000000.000,-3000000.000,-2000000.000,88000000.000,-3000000.000,-2000000.000,-4000000.000,-2000000.000,-4000000.000,-3000000.000,-4000000.000,-30000000.000,-7000000.000
OtherComprehensiveIncomeLossPensionAndOtherPostretirementBenefitPlansTax,,,,,,,1000000.000,,1000000.000,0.000,2000000.000,43000000.000,1000000.000,0.000,1000000.000,-33000000.000,1000000.000,1000000.000,2000000.000,-2000000.000,1000000.000,2000000.000,1000000.000,25000000.000,3000000.000
OtherComprehensiveIncomeLossTaxPortionAttributableToNoncontrollingInterest,-1000000.000,1000000.000,1000000.000,-2000000.000,-1000000.000,1000000.000,,,,,,,,,,,,,,,,,,,
OtherNonoperatingExpense,,1000000.000,1000000.000,,3000000.000,,1000000.000,,1000000.000,0.000,1000000.000,-2000000.000,1000000.000,0.000,3000000.000,-1000000.000,0.000,0.000,0.000,1000000.000,1000000.000,,,,
OtherNonoperatingIncomeExpense,-4000000.000,-1000000.000,-1000000.000,1000000.000,-3000000.000,,,,,,,,,,,,0.000,0.000,0.000,,-1000000.000,-1000000.000,2000000.000,,0.000
PaymentsForRepurchaseOfCommonStock,,11000000.000,5000000.000,,,18000000.000,,,,2000000.000,18000000.000,,,0.000,0.000,,11000000.000,33000000.000,114000000.000,55000000.000,16000000.000,41000000.000,89000000.000,79000000.000,3000000.000
PaymentsForRepurchaseOfEquity,,,,,,,,,,,,,,,,,,,,,,,,,16000000.000
PaymentsForSoftware,3000000.000,3000000.000,4000000.000,5000000.000,4000000.000,3000000.000,3000000.000,3000000.000,6000000.000,6000000.000,7000000.000,6000000.000,7000000.000,2000000.000,3000000.000,1000000.000,5000000.000,3000000.000,5000000.000,10000000.000,6000000.000,3000000.000,6000000.000,5000000.000,6000000.000
PaymentsOfDebtIssuanceCosts,,1000000.000,,,12000000.000,1000000.000,,,0.000,0.000,0.000,0.000,,,,,,1000000.000,0.000,,,8000000.000,0.000,,
PaymentsOfDividends,,,,,,,,,,,,,,,,,,,,,,,,,13000000.000
PaymentsOfDividendsMinorityInterest,,,10000000.000,,,18000000.000,9000000.000,,,23000000.000,6000000.000,,,23000000.000,0.000,,,22000000.000,22000000.000,,,27000000.000,28000000.000,,
PaymentsToAcquireProductiveAssets,,,,,,,,,,,0.000,,,,,,,,,,,,,,
PaymentsToAcquirePropertyPlantAndEquipment,46000000.000,49000000.000,50000000.000,68000000.000,65000000.000,60000000.000,70000000.000,61000000.000,70000000.000,54000000.000,54000000.000,66000000.000,83000000.000,84000000.000,95000000.000,66000000.000,77000000.000,73000000.000,71000000.000,65000000.000,68000000.000,71000000.000,74000000.000,112000000.000,103000000.000
PaymentsToMinorityShareholders,,10000000.000,4000000.000,,,,,,,,,,,,,,,,,,,,,,
ProceedsFromIssuanceOfCommonStock,,,,,,,,,1000000.000,12000000.000,4000000.000,3000000.000,-2000000.000,1000000.000,0.000,20000000.000,0.000,,,,,,7000000.000,,
ProceedsFromIssuanceOfLongTermDebt,,4000000.000,1000000.000,,250000000.000,,,,0.000,0.000,0.000,0.000,,45000000.000,0.000,,,0.000,1000000.000,,5000000.000,501000000.000,2000000.000,1000000.000,0.000
ProceedsFromMinorityShareholders,,1000000.000,,,,1000000.000,4000000.000,,,0.000,0.000,,1000000.000,4000000.000,0.000,0.000,0.000,0.000,0.000,0.000,,,,,
ProceedsFromOtherShortTermDebt,,,,,30000000.000,,,,,,,,,,,,,,,,,,,,
ProceedsFromRepaymentsOfBankOverdrafts,7000000.000,1000000.000,-5000000.000,0.000,2000000.000,-2000000.000,2000000.000,3000000.000,-9000000.000,44000000.000,-38000000.000,-3000000.000,4000000.000,-5000000.000,-4000000.000,11000000.000,-8000000.000,-3000000.000,-10000000.000,-1000000.000,7000000.000,-2000000.000,-1000000.000,6000000.000,3000000.000
ProceedsFromRepaymentsOfShortTermDebt,82000000.000,-82000000.000,,,,,,,,,,,,,,,,,,,,,,,
ProceedsFromRepurchaseOfEquity,,,,,,,,,,,,,,,,,,5000000.000,0.000,,-2000000.000,6000000.000,,,
ProceedsFromSaleOfProductiveAssets,4000000.000,,,,1000000.000,,1000000.000,,2000000.000,0.000,4000000.000,2000000.000,0.000,0.000,1000000.000,2000000.000,1000000.000,1000000.000,1000000.000,1000000.000,1000000.000,2000000.000,1000000.000,2000000.000,3000000.000
ProductWarrantyAccrualPayments,,,,,4000000.000,,,,4000000.000,,,,5000000.000,,,,4000000.000,,,,1000000.000,,,,3000000.000
ProductWarrantyAccrualWarrantiesIssued,,,,,5000000.000,,,,2000000.000,,,,5000000.000,,,,3000000.000,,,,2000000.000,,,,3000000.000
ProfitLoss,52000000.000,57000000.000,36000000.000,38000000.000,36000000.000,95000000.000,132000000.000,41000000.000,61000000.000,74000000.000,22000000.000,65000000.000,54000000.000,91000000.000,89000000.000,36000000.000,63000000.000,91000000.000,66000000.000,83000000.000,72000000.000,103000000.000,197000000.000,61000000.000,78000000.000
RepaymentsOfLongTermDebt,22000000.000,1000000.000,,,381000000.000,22000000.000,3000000.000,5000000.000,5000000.000,3000000.000,5000000.000,3000000.000,3000000.000,7000000.000,6000000.000,446000000.000,4000000.000,17000000.000,4000000.000,12000000.000,4000000.000,344000000.000,179000000.000,4000000.000,6000000.000
ResearchAndDevelopmentExpense,35000000.000,35000000.000,32000000.000,31000000.000,38000000.000,28000000.000,28000000.000,32000000.000,35000000.000,33000000.000,35000000.000,41000000.000,42000000.000,42000000.000,42000000.000,43000000.000,41000000.000,38000000.000,35000000.000,32000000.000,39000000.000,37000000.000,41000000.000,37000000.000,39000000.000
RestructuringAndRelatedCostIncurredCost,,2000000.000,,,1000000.000,2000000.000,7000000.000,,4000000.000,7000000.000,1000000.000,66000000.000,,10000000.000,8000000.000,,5000000.000,7000000.000,35000000.000,16000000.000,14000000.000,5000000.000,7000000.000,10000000.000,15000000.000
RestructuringCharges,,,,,,,,,2000000.000,3000000.000,56000000.000,,,,,,,,,,,,,,
RevenueFromRelatedParties,,,,,,,,,0.000,0.000,0.000,,0.000,0.000,0.000,,0.000,0.000,0.000,0.000,0.000,0.000,0.000,0.000,0.000
Revenues,1760000000.000,1888000000.000,1773000000.000,1784000000.000,1912000000.000,1920000000.000,1778000000.000,1753000000.000,1903000000.000,2067000000.000,1963000000.000,2031000000.000,2094000000.000,2241000000.000,2081000000.000,2004000000.000,2023000000.000,2130000000.000,2025000000.000,2031000000.000,,,,,
RevenuesFromExternalCustomers,,1888000000.000,1773000000.000,,1912000000.000,1920000000.000,1778000000.000,1753000000.000,1903000000.000,2067000000.000,1963000000.000,,,,,,,,,,,,,,
RevenuesFromTransactionsWithOtherOperatingSegmentsOfSameEntity,,,,,,,,,0.000,0.000,0.000,,,,,,,,,,,,,,
SalesRevenueGoodsNet,,,,,,,,,,,,,,,,,,,,,2136000000.000,2212000000.000,2096000000.000,2155000000.000,2292000000.000
SalesRevenueNet,1760000000.000,1888000000.000,1773000000.000,1784000000.000,1912000000.000,1920000000.000,1778000000.000,1753000000.000,1903000000.000,2067000000.000,1963000000.000,2031000000.000,2094000000.000,2241000000.000,2081000000.000,2004000000.000,2023000000.000,2130000000.000,2025000000.000,2031000000.000,,,,,
SellingGeneralAndAdministrativeExpense,109000000.000,118000000.000,101000000.000,100000000.000,118000000.000,109000000.000,94000000.000,106000000.000,119000000.000,106000000.000,112000000.000,116000000.000,132000000.000,139000000.000,108000000.000,140000000.000,125000000.000,121000000.000,113000000.000,132000000.000,147000000.000,134000000.000,109000000.000,199000000.000,148000000.000
ShareBasedCompensation,2000000.000,2000000.000,2000000.000,2000000.000,4000000.000,3000000.000,2000000.000,2000000.000,5000000.000,2000000.000,3000000.000,3000000.000,5000000.000,3000000.000,3000000.000,2000000.000,6000000.000,3000000.000,4000000.000,2000000.000,7000000.000,3000000.000,3000000.000,1000000.000,9000000.000
ShareBasedCompensationArrangementByShareBasedPaymentAwardEquityInstrumentsOtherThanOptionsForfeitedInPeriod,,,-158.000,,,,,,,,,,,,,,,,,,,,,,
ShareBasedCompensationArrangementByShareBasedPaymentAwardEquityInstrumentsOtherThanOptionsGrantsInPeriod,,,1042.000,,,,,,,,,,,,,,,,,,,,,,
ShareBasedCompensationArrangementByShareBasedPaymentAwardEquityInstrumentsOtherThanOptionsGrantsInPeriodWeightedAverageGrantDateFairValue,,,44.020,,,,,,,,,,,,,,,,,,,,,,
ShareBasedCompensationArrangementByShareBasedPaymentAwardEquityInstrumentsOtherThanOptionsVestedInPeriod,,,-3206.000,,,,,,,,,,,,,,,,,,,,,,
ShareBasedCompensationArrangementByShareBasedPaymentAwardEquityInstrumentsOtherThanOptionsVestedInPeriodWeightedAverageGrantDateFairValue,,,15.410,,,,,,,,,,,,,,,,,,,,,,
ShareBasedCompensationArrangementByShareBasedPaymentAwardFairValueAssumptionsExpectedDividendRate,,,,,0.000,,,,0.000,,,,0.000,,,,0.000,,,,,,,,
ShareBasedCompensationArrangementByShareBasedPaymentAwardFairValueAssumptionsExpectedVolatilityRate,,,,,0.735,,,,0.664,,,,0.528,,,,0.000,,,,,,,,
ShareBasedCompensationArrangementByShareBasedPaymentAwardFairValueAssumptionsRiskFreeInterestRate,,,,,0.008,,,,0.007,,,,0.017,,,,0.000,,,,,,,,
ShareBasedCompensationArrangementByShareBasedPaymentAwardOptionsExercisesInPeriodTotalIntrinsicValue,,3000000.000,3000000.000,,2000000.000,,,,1000000.000,7000000.000,7000000.000,4000000.000,,1000000.000,1000000.000,,3000000.000,6000000.000,,,1000000.000,,4000000.000,,5000000.000
ShareBasedCompensationArrangementByShareBasedPaymentAwardOptionsExpirationsInPeriod,,,,,,,,,,,,,,,,,,,,,2200.000,,,,
ShareBasedCompensationArrangementByShareBasedPaymentAwardOptionsForfeituresInPeriod,,23841.000,-450.000,,15206.000,4417.000,,,14920.000,450.000,283.000,,,0.000,1535.000,,0.000,,,,,788.000,3183.000,,1107.000
ShareBasedCompensationArrangementByShareBasedPaymentAwardOptionsGrantsInPeriod,,2711.000,1649.000,,316799.000,8729.000,,,311539.000,388.000,1182.000,,,0.000,834.000,,0.000,,,,,,,,
ShareBasedCompensationArrangementByShareBasedPaymentAwardOptionsGrantsInPeriodWeightedAverageGrantDateFairValue,,,,,17.350,,,,19.840,,,,26.460,,,,,,,,,,,,
ShareBasedCompensationArrangementsByShareBasedPaymentAwardOptionsExercisesInPeriodWeightedAverageExercisePrice,,,,,,5.560,,,19.960,22.530,15.420,,,25.490,23.810,,20.780,14.680,19.480,,8.560,23.070,30.170,,33.700
ShareBasedCompensationArrangementsByShareBasedPaymentAwardOptionsExpirationsInPeriodWeightedAverageExercisePrice,,,,,,,,,,,,,,,,,,,,,1.990,,,,
ShareBasedCompensationArrangementsByShareBasedPaymentAwardOptionsForfeituresInPeriodWeightedAverageExercisePrice,,,,,,32.030,,,14.590,21.810,8.680,,,0.000,29.720,,0.000,,,,,51.880,56.230,,56.230
ShareBasedCompensationArrangementsByShareBasedPaymentAwardOptionsGrantsInPeriodWeightedAverageExercisePrice,,,,,,38.520,,,36.290,38.900,35.410,,,0.000,66.540,,0.000,,,,,,,,
StockIssuedDuringPeriodSharesStockOptionsExercised,,82166.000,-115249.000,,104742.000,10274.000,,,82622.000,393442.000,147753.000,,,32233.000,12358.000,,96997.000,141644.000,749.000,,21392.000,183774.000,178455.000,,164863.000
StockRepurchasedDuringPeriodShares,,270500.000,,,,600000.000,,,0.000,45000.000,374900.000,,,,,,,,,,,,,,
StockRepurchasedDuringPeriodValue,,,,,,,,,,2000000.000,18000000.000,,,,,,,,,,16000000.000,,,,
TreasuryStockAcquiredAverageCostPerShare,,,,,,,,,,44.560,48.890,,,,,,,,,,,,,,
TreasuryStockValueAcquiredCostMethod,,,,,,,,,,,,,,,,,,,,,16000000.000,,,,16000000.000
WeightedAverageNumberOfDilutedSharesOutstanding,62074523.000,61813474.000,61541476.000,-123909313.000,61736204.000,61260871.000,60949632.000,-122863197.000,61481835.000,61724124.000,61865375.000,-123477272.000,61503302.000,61661896.000,61713851.000,-123096541.000,61593087.000,61363702.000,60020995.000,-122784634.000,57445941.000,57331749.000,56165709.000,-114535963.000,54231759.000
WeightedAverageNumberOfSharesOutstandingBasic,59849278.000,59980866.000,59793866.000,-119739871.000,60196428.000,59992055.000,59766097.000,-119968903.000,60288997.000,60542361.000,60624358.000,-120981224.000,60549778.000,60736737.000,60762667.000,-121315160.000,61044908.000,60829125.000,59587628.000,-121783352.000,57115496.000,56873353.000,55679969.000,-113729683.000,53856352.000
