,2011-06-30,2011-09-30,2012-03-31,2012-06-30,2012-09-30,2012-12-31,2013-03-31,2013-06-30,2013-09-30,2013-12-31,2014-03-31,2014-06-30,2014-09-30,2014-12-31,2015-03-31,2015-06-30
AdditionsToContractHoldersFunds,,,214831000.000,,,,247200000.000,,,,230400000.000,,,,254800000.000,
BenefitsLossesAndExpenses,120836000.000,121053000.000,115708000.000,128373000.000,206500000.000,153319000.000,131100000.000,149400000.000,143200000.000,68000000.000,116400000.000,124200000.000,144700000.000,197900000.000,180600000.000,170200000.000
CashAndCashEquivalentsPeriodIncreaseDecrease,,,23361000.000,,,,33100000.000,,,,-40100000.000,,,,-68400000.000,
CededPremiumsEarned,,,,,,,,,,,,,,,,12300000.000
CededPremiumsWritten,,,,,15900000.000,,16700000.000,17200000.000,15100000.000,18000000.000,14700000.000,13400000.000,12800000.000,17800000.000,14000000.000,
ComprehensiveIncomeNetOfTax,9144000.000,12066000.000,10488000.000,11751000.000,-85700000.000,-65439000.000,-36400000.000,4600000.000,-5000000.000,69200000.000,-19700000.000,35100000.000,-5400000.000,,-53500000.000,45100000.000
CurrentIncomeTaxExpenseBenefit,,,,,5000000.000,,-1900000.000,-16900000.000,2600000.000,-5500000.000,2000000.000,5600000.000,-11400000.000,24900000.000,3600000.000,-90600000.000
DeferredIncomeTaxExpenseBenefit,,,-10953000.000,,,,,,,,-3900000.000,300000.000,-4100000.000,-9600000.000,-800000.000,800000.000
DeferredPolicyAcquisitionCostAmortizationExpense,28896000.000,39815000.000,28735000.000,27024000.000,24300000.000,23441000.000,14000000.000,26600000.000,22200000.000,25600000.000,16300000.000,16400000.000,19700000.000,32500000.000,15500000.000,20800000.000
DeferredPolicyAcquisitionCostAmortizationExpenseAssumptionChange,,,,,,,,,,,,,,,-300000.000,0.000
DeferredPolicyAcquisitionCostAmortizationExpenseEffectOfAdjustmentsToEstimatedGrossProfit,,,,,,,,,,,,,,,,17500000.000
DeferredPolicyAcquisitionCostAmortizationExpenseNetInvestmentGainsLosses,,,,4751000.000,-18000000.000,,2700000.000,-5300000.000,-500000.000,-6600000.000,10500000.000,-1400000.000,-200000.000,5500000.000,3800000.000,-3300000.000
DeferredPolicyAcquisitionCostAmortizationExpenseUnrealizedInvestmentGainsLosses,,,,-18445000.000,5800000.000,,4200000.000,39700000.000,1600000.000,12300000.000,-16700000.000,-14500000.000,5100000.000,-11900000.000,-17300000.000,-42100000.000
DeferredPolicyAcquisitionCostsAdditions,,,,-20557000.000,1900000.000,,7400000.000,29500000.000,-4600000.000,3800000.000,16900000.000,,,,,29300000.000
DeferredPolicyAcquisitionCostsAndPresentValueOfFutureProfitsAdditions,,,,23957000.000,20400000.000,,17200000.000,16400000.000,16000000.000,17100000.000,,20300000.000,24000000.000,,24900000.000,
DeferredSalesInducementsAdditions,,,,,,,,,,,,,,,,4300000.000
DeferredSalesInducementsAdjustments,,,,,2900000.000,,2800000.000,2700000.000,2700000.000,2500000.000,2100000.000,5400000.000,5200000.000,4700000.000,5300000.000,
DeferredSalesInducementsAmortizationExpense,,,,,-2300000.000,,700000.000,-2800000.000,-1900000.000,11300000.000,700000.000,1900000.000,2200000.000,3100000.000,1900000.000,2900000.000
DerivativeGainLossOnDerivativeNet,,,,,,,,,,,,,,,,-6900000.000
DirectPremiumsEarned,,,,,,,,,,,,,,,,17800000.000
DirectPremiumsWritten,,,,,16700000.000,,19800000.000,22300000.000,18200000.000,20600000.000,17500000.000,18100000.000,15800000.000,19700000.000,17000000.000,
EmbeddedDerivativeGainLossOnEmbeddedDerivativeNet,,,,-12394000.000,6600000.000,,-600000.000,5900000.000,8400000.000,3900000.000,-11700000.000,-400000.000,-5600000.000,-27700000.000,-10200000.000,4200000.000
FairValueMeasurementWithUnobservableInputsReconciliationLiabilityTransfersIntoLevel3,,,,0.000,,,,0.000,0.000,,,0.000,0.000,,0.000,
FairValueMeasurementWithUnobservableInputsReconciliationLiabilityTransfersOutOfLevel3,,,,-1912000.000,,,,0.000,0.000,,,0.000,0.000,,0.000,
FairValueMeasurementWithUnobservableInputsReconciliationRecurringBasisLiabilityGainLossIncludedInEarnings,,,,18088000.000,,,,,,,,,,,,
FairValueMeasurementWithUnobservableInputsReconciliationRecurringBasisLiabilityGainLossIncludedInOtherComprehensiveIncome,,,,0.000,,,,5900000.000,8400000.000,,,-400000.000,-5600000.000,,-10200000.000,
FairValueMeasurementWithUnobservableInputsReconciliationRecurringBasisLiabilityPeriodIncreaseDecrease,,,,10318000.000,,,,,,,,,,,,
FairValueMeasurementWithUnobservableInputsReconciliationRecurringBasisLiabilityPurchasesSalesIssuancesSettlements,,,,13713000.000,,,,1000000.000,4100000.000,,,9400000.000,7300000.000,,4600000.000,
FairValueOptionChangesInFairValueGainLoss,,,0.000,,,,,,,,,,,,,
FairValueOptionChangesInFairValueGainLoss1,,,,,,,-1700000.000,,,,-900000.000,,,,-600000.000,
FeesAndCommissions,101817000.000,98007000.000,96533000.000,91110000.000,92300000.000,85357000.000,90100000.000,87200000.000,94000000.000,96300000.000,88800000.000,88300000.000,88600000.000,92600000.000,89900000.000,89400000.000
GainLossOnDerivativeInstrumentsNetPretax,,,,5848000.000,-15600000.000,,-21500000.000,10700000.000,-5600000.000,10900000.000,-35300000.000,-2500000.000,-3400000.000,-26100000.000,-13500000.000,
GainLossOnInvestments,,,,,,,,,,,,,,,,1300000.000
GainLossOnInvestmentsExcludingOtherThanTemporaryImpairments,,,,,,,,,,,,,,,,1400000.000
GainLossOnSaleOfDebtInvestments,,,,31471000.000,31700000.000,,31900000.000,32700000.000,34700000.000,35700000.000,37800000.000,39800000.000,42300000.000,42600000.000,47300000.000,
GainLossOnSaleOfDerivatives,,,,5848000.000,-18000000.000,,-20900000.000,4800000.000,-14000000.000,7000000.000,-23600000.000,-2100000.000,2200000.000,1600000.000,-3300000.000,-11100000.000
GainLossOnSaleOfEquityInvestments,,,,,,,,,,,,,,,500000.000,
ImpairmentOfInvestments,-782000.000,-4535000.000,1086000.000,3003000.000,700000.000,211000.000,300000.000,0.000,200000.000,600000.000,0.000,0.000,500000.000,800000.000,100000.000,100000.000
IncomeLossAttributableToParent,,,,,,,3200000.000,0.000,,,,,,,,
IncomeLossFromContinuingOperations,,,,3143000.000,,,,,,,,,,,,
IncomeLossFromContinuingOperationsBeforeIncomeTaxesExtraordinaryItemsNoncontrollingInterest,,,,,,,,,,,,,,,,-25700000.000
IncomeLossFromContinuingOperationsBeforeIncomeTaxesMinorityInterestAndIncomeLossFromEquityMethodInvestments,3119000.000,-2273000.000,4028000.000,-9705000.000,-76300000.000,-39523000.000,-22300000.000,-12300000.000,-12600000.000,81200000.000,-18700000.000,8700000.000,-12200000.000,-83300000.000,-49400000.000,
IncomeTaxExpenseBenefit,4377000.000,-13780000.000,1133000.000,-3667000.000,4300000.000,14434000.000,-1900000.000,-16900000.000,2600000.000,-5500000.000,-1900000.000,5900000.000,-15500000.000,15300000.000,2800000.000,-89800000.000
IncomeTaxesPaidNet,,,,,,,-3700000.000,,,,-14500000.000,,,,21900000.000,
IncreaseDecreaseInAccruedInvestmentIncomeReceivable,,,-5403000.000,,,,6800000.000,,,,5900000.000,,,,6600000.000,
IncreaseDecreaseInDeferredIncomeTaxes,,,,,,,0.000,,,,3900000.000,,,,800000.000,
IncreaseDecreaseInDeferredPolicyAcquisitionCosts,,,-28919000.000,,,,17200000.000,,,,16900000.000,,,,24900000.000,
IncreaseDecreaseInDueFromRelatedPartiesCurrent,,,,,,,-4500000.000,,,,13900000.000,,,,-9400000.000,
IncreaseDecreaseInFuturePolicyBenefitReservesAndOtherInsuranceLiabilities,,,25662000.000,,,,-55500000.000,,,,-78300000.000,,,,-45700000.000,
IncreaseDecreaseInOtherOperatingCapitalNet,,,17958000.000,,,,-3600000.000,,,,-16200000.000,,,,-16300000.000,
IncreaseDecreaseInReceivables,,,13581000.000,,,,-6400000.000,,,,,,,,,
IncreaseDecreaseInReinsuranceRecoverable,,,,,,,17000000.000,,,,-28300000.000,,,,38100000.000,
InterestAndOtherIncome,,,,0.000,,,,,,,,,,,,
InvestmentIncomeInterestAndDividend,,,,,,,,,,,,,,,,50400000.000
InvestmentIncomeInvestmentExpense,,,,189000.000,300000.000,,600000.000,300000.000,300000.000,300000.000,600000.000,300000.000,300000.000,300000.000,2300000.000,2100000.000
InvestmentIncomeNet,,,,32987000.000,33600000.000,,33600000.000,34400000.000,36600000.000,37700000.000,40600000.000,42300000.000,44400000.000,46200000.000,49400000.000,
NetCashProvidedByUsedInFinancingActivities,,,161337000.000,,,,181900000.000,,,,163100000.000,,,,164900000.000,
NetCashProvidedByUsedInFinancingActivitiesContinuingOperations,,,161337000.000,,,,181900000.000,,,,163100000.000,,,,164900000.000,
NetCashProvidedByUsedInInvestingActivities,,,-189198000.000,,,,-97000000.000,,,,-185200000.000,,,,-140300000.000,
NetCashProvidedByUsedInInvestingActivitiesContinuingOperations,,,-189198000.000,,,,-97000000.000,,,,-185200000.000,,,,-140300000.000,
NetCashProvidedByUsedInOperatingActivities,,,51222000.000,,,,-51800000.000,,,,-18000000.000,,,,-93000000.000,
NetCashProvidedByUsedInOperatingActivitiesContinuingOperations,,,51222000.000,,,,-51800000.000,,,,-18000000.000,,,,-93000000.000,
NetIncomeLoss,-1258000.000,11507000.000,2895000.000,-6038000.000,-80600000.000,-53957000.000,-20400000.000,4600000.000,-15200000.000,86700000.000,-16800000.000,2800000.000,3300000.000,-98600000.000,-52200000.000,64100000.000
NetInvestmentIncome,24231000.000,25732000.000,30263000.000,32798000.000,33300000.000,34539000.000,33000000.000,34100000.000,36300000.000,37400000.000,40000000.000,42000000.000,44100000.000,45900000.000,47100000.000,48300000.000
NetInvestmentIncomeInsuranceEntityPolicyLoans,,,,805000.000,,,,,,,,,,,,
OperatingExpenses,18061000.000,19406000.000,23298000.000,24471000.000,24800000.000,31031000.000,,,29200000.000,,,,28100000.000,,65400000.000,
OtherComprehensiveIncomeLossAvailableForSaleSecuritiesAdjustmentBeforeTax,,,,,,,,,,,,,,,,-33300000.000
OtherComprehensiveIncomeLossAvailableForSaleSecuritiesAdjustmentNetOfTax,,,,17789000.000,-5100000.000,,-16000000.000,0.000,10200000.000,-17500000.000,-2900000.000,32300000.000,-8700000.000,-4000000.000,-1300000.000,
OtherComprehensiveIncomeLossAvailableForSaleSecuritiesTax,,,,,,,,,,,,,,,,-14300000.000
OtherComprehensiveIncomeLossBeforeReclassificationsNetOfTax,,,,,,,-13300000.000,,,,-2000000.000,32600000.000,-8600000.000,-3900000.000,1800000.000,
OtherComprehensiveIncomeLossBeforeTax,,,,,2000000.000,,,,,,,,,,,
OtherComprehensiveIncomeLossNetOfTax,,,,17789000.000,-5100000.000,,-16000000.000,0.000,10200000.000,-17500000.000,-2900000.000,32300000.000,-8700000.000,-4000000.000,-1300000.000,-19000000.000
OtherComprehensiveIncomeLossNetOfTaxPeriodIncreaseDecrease,10402000.000,559000.000,7593000.000,,,,,,,,,,,,,
OtherComprehensiveIncomeLossReclassificationAdjustmentForWriteDownOfSecuritiesIncludedInNetIncomeTax,,,,,600000.000,,,,,,,,,,,
OtherComprehensiveIncomeLossReclassificationAdjustmentForWritedownOfSecuritiesIncludedInNetIncomeNetOfTax,,,,-1554000.000,1700000.000,,,,,,,,,,,
OtherComprehensiveIncomeLossReclassificationAdjustmentFromAOCIForWritedownOfSecuritiesTax,,,,,,,,-12100000.000,,,,6400000.000,,,,
OtherComprehensiveIncomeLossTaxPortionAttributableToNoncontrollingInterest,,,,,7100000.000,,,,,,,,,,,
OtherComprehensiveIncomeReclassificationAdjustmentForWriteDownOfSecuritiesIncludedInNetIncomeNetOfTax,-225000.000,-2505000.000,-278000.000,,,,,,,,,,,,,
OtherComprehensiveIncomeUnrealizedHoldingGainLossOnSecuritiesArisingDuringPeriodNetOfTax,10627000.000,3064000.000,7871000.000,19343000.000,300000.000,-8314000.000,-13300000.000,-12100000.000,9900000.000,-19600000.000,11100000.000,38700000.000,-6200000.000,5000000.000,1700000.000,-19000000.000
OtherCostAndExpenseOperating,,,,,,,28600000.000,31400000.000,,,24000000.000,26800000.000,,,,34700000.000
OtherExpenses,,,,,,,22500000.000,24700000.000,23100000.000,21200000.000,19000000.000,18400000.000,21100000.000,10800000.000,23900000.000,
OtherThanTemporaryImpairmentCreditLossesRecognizedInEarningsAdditionsAdditionalCreditLosses,,,,-549000.000,-400000.000,,600000.000,100000.000,0.000,-1500000.000,0.000,0.000,0.000,,0.000,0.000
OtherThanTemporaryImpairmentCreditLossesRecognizedInEarningsAdditionsNoPreviousImpairment,,,,0.000,-200000.000,,0.000,0.000,0.000,-300000.000,0.000,0.000,0.000,0.000,0.000,0.000
OtherThanTemporaryImpairmentCreditLossesRecognizedInEarningsPeriodIncreaseDecrease,,,,613000.000,,,,,,,,,,,,
OtherThanTemporaryImpairmentCreditLossesRecognizedInEarningsReductionsCashFlows,,,,0.000,,,0.000,0.000,0.000,0.000,0.000,0.000,0.000,0.000,0.000,0.000
OtherThanTemporaryImpairmentCreditLossesRecognizedInEarningsReductionsChangeInStatus,,,,,,,,,,,,,,,,0.000
OtherThanTemporaryImpairmentCreditLossesRecognizedInEarningsReductionsSecuritiesSold,,,,88000.000,1000000.000,,0.000,0.000,300000.000,-600000.000,700000.000,400000.000,0.000,300000.000,500000.000,0.000
OtherThanTemporaryImpairmentLossesInvestmentsAvailableforsaleSecurities,,,,,,,,,,,,,,,,100000.000
OtherThanTemporaryImpairmentLossesInvestmentsHeldtomaturitySecurities,,,,-3003000.000,-700000.000,,300000.000,0.000,200000.000,600000.000,0.000,0.000,500000.000,800000.000,100000.000,
OtherThanTemporaryImpairmentLossesInvestmentsPortionInOtherComprehensiveIncomeLossBeforeTaxIncludingPortionAttributableToNoncontrollingInterest,,,,,,,,,,,,,,,,0.000
OtherThanTemporaryImpairmentLossesInvestmentsPortionInOtherComprehensiveIncomeLossBeforeTaxIncludingPortionAttributableToNoncontrollingInterestAvailableforsaleSecurities,,,,,,,,,,,,,,,,0.000
OtherThanTemporaryImpairmentLossesInvestmentsPortionInOtherComprehensiveIncomeLossNetOfTaxPortionAttributableToParent,346000.000,3853000.000,-427000.000,-2390000.000,300000.000,317000.000,700000.000,200000.000,0.000,0.000,0.000,0.000,0.000,0.000,100000.000,
OtherThanTemporaryImpairmentLossesInvestmentsPortionInOtherComprehensiveIncomeLossNetOfTaxPortionAttributableToParentHeldtomaturitySecurities,,,,2390000.000,,,,,,,,,,,,
OtherThanTemporaryImpairmentLossesInvestmentsPortionRecognizedInEarningsNet,-436000.000,-682000.000,659000.000,613000.000,1000000.000,528000.000,1000000.000,200000.000,200000.000,600000.000,0.000,0.000,500000.000,800000.000,200000.000,100000.000
OtherThanTemporaryImpairmentLossesInvestmentsPortionRecognizedInEarningsNetAvailableforsaleSecurities,,,,,,,,,,,,,,,,100000.000
OtherThanTemporaryImpairmentLossesInvestmentsPortionRecognizedInEarningsNetHeldtomaturitySecurities,,,,-613000.000,-1000000.000,,1000000.000,200000.000,200000.000,600000.000,0.000,0.000,500000.000,800000.000,200000.000,
PaymentsForDerivativeInstrumentInvestingActivities,,,19001000.000,,,,35100000.000,,,,17700000.000,,,,17500000.000,
PaymentsForProceedsFromLifeInsurancePolicies,,,-1846000.000,,,,-200000.000,,,,700000.000,,,,500000.000,
PaymentsForProceedsFromOtherInvestingActivities,,,,,,,-100000.000,,,,1800000.000,,,,-2100000.000,
PaymentsToAcquireAvailableForSaleSecuritiesDebt,,,280413000.000,,,,155000000.000,,,,151400000.000,,,,329500000.000,
PaymentsToAcquireAvailableForSaleSecuritiesEquity,,,,,,,,,,,,,,,0.000,
PaymentsToAcquireOtherInvestments,,,631000.000,,,,,,,,,,,,,
PaymentsToAcquireShortTermInvestments,,,,,,,224800000.000,,,,209800000.000,,,,159800000.000,
PolicyholderBenefitsAndClaimsIncurredGross,,,,,,,,,,,,,,,,72700000.000
PolicyholderBenefitsAndClaimsIncurredLifeAndAnnuity,,,,,,,,,,,,,,,,114700000.000
PolicyholderBenefitsAndClaimsIncurredNet,73879000.000,61832000.000,63675000.000,76878000.000,157400000.000,98847000.000,88500000.000,91400000.000,91800000.000,14800000.000,76100000.000,81000000.000,96900000.000,143700000.000,99700000.000,
PremiumsEarnedNet,96000.000,1118000.000,712000.000,1804000.000,800000.000,5184000.000,3100000.000,5100000.000,3100000.000,2600000.000,2800000.000,4700000.000,3000000.000,1900000.000,3000000.000,
PremiumsEarnedNetLife,,,,,,,,,,,,,,,,5500000.000
ProceedsFromContributionsFromParent,,,0.000,,,,,,,,,,,,,
ProceedsFromDerivativeInstrumentFinancingActivities,,,1792000.000,,,,7700000.000,,,,30100000.000,,,,19800000.000,
ProceedsFromMaturitiesPrepaymentsAndCallsOfOtherInvestments,,,,,,,5200000.000,,,,2100000.000,,,,5000000.000,
ProceedsFromMaturitiesRepaymentsAndCallsOfTradingSecuritiesHeldforinvestment,,,,,,,57100000.000,,,,54100000.000,,,,58600000.000,
ProceedsFromSaleMaturityAndCollectionOfShorttermInvestments,,,,,,,244900000.000,,,,99900000.000,,,,,
ProceedsFromSaleOfAvailableForSaleSecuritiesDebt,,,107010000.000,,,,200000.000,,,,5400000.000,,,,118500000.000,
ProceedsFromSaleOfOtherInvestments,,,199000.000,,,,,,,,,,,,,
ProceedsFromSaleOfShortTermInvestments,,,,,,,,,,,,,,,169700000.000,
RealizedGainLossOnMarketableSecuritiesAndCostMethodInvestmentsExcludingOtherThanTemporaryImpairmentsAndOtherInvestments,-1753000.000,-5395000.000,-7113000.000,-6431000.000,4800000.000,-10756000.000,-16400000.000,10900000.000,-2600000.000,13500000.000,-33900000.000,-2100000.000,-2700000.000,-25000000.000,-8600000.000,
RealizedInvestmentGainsLosses,-2189000.000,-6077000.000,-7772000.000,-7044000.000,3800000.000,-11284000.000,-17400000.000,10700000.000,-2800000.000,12900000.000,-33900000.000,-2100000.000,-3200000.000,-25800000.000,-8800000.000,8300000.000
ReclassificationFromAccumulatedOtherComprehensiveIncomeCurrentPeriodNetOfTax,,,,,,,2700000.000,,,,900000.000,300000.000,-100000.000,300000.000,-3100000.000,
ReinsuranceEffectOnClaimsAndBenefitsIncurredAmountAssumed,,,,,,,,,,,,,,,,0.000
ReinsuranceEffectOnClaimsAndBenefitsIncurredAmountCeded,,,,,,,,,,,,,,,,22200000.000
Revenues,123955000.000,118780000.000,119736000.000,118668000.000,130200000.000,113796000.000,108800000.000,137100000.000,130600000.000,149200000.000,97700000.000,132900000.000,132500000.000,114600000.000,131200000.000,144500000.000
SalesRevenueNet,101913000.000,99125000.000,97245000.000,92914000.000,93100000.000,90541000.000,93200000.000,92300000.000,97100000.000,98900000.000,91600000.000,93000000.000,91600000.000,94500000.000,92900000.000,87900000.000
StockholdersEquityChangeInReportingEntity,,,10488000.000,,,,-36400000.000,,,,-19700000.000,,,,,
StockholdersEquityPeriodIncreaseDecrease,,,,,,,,,,,,,,,-53500000.000,
TaxAdjustmentsSettlementsAndUnusualProvisions,,,,,700000.000,,,,,,,,,,,
UndistributedEarnings,,,-106000.000,,,,-800000.000,,,,800000.000,,,,600000.000,
UnrealizedGainLossOnInvestments,,,,,,,,,,,,,,,,-141000000.000
ValuationAllowanceDeferredTaxAssetChangeInAmount,,,,,31600000.000,,14300000.000,-20100000.000,3600000.000,,15400000.000,-3900000.000,6300000.000,,22900000.000,-83000000.000
WithdrawalFromContractHoldersFunds,,,53494000.000,,,,135300000.000,,,,164400000.000,,,,163800000.000,
