,2011-03-31,2011-06-30,2011-09-30,2011-12-31,2012-03-31,2012-06-30,2012-09-30,2012-12-31,2013-03-31,2013-06-30,2013-09-30,2013-12-31,2014-03-31,2014-06-30,2014-09-30,2014-12-31,2015-03-31,2015-09-30,2016-03-31,2017-03-31
AdjustmentsNoncashItemsToReconcileNetIncomeLossToCashProvidedByUsedInOperatingActivitiesOther,1363000.000,,,,,,,,,,,,,,,,,,,
AdjustmentsToAdditionalPaidInCapitalSharebasedCompensationRequisiteServicePeriodRecognitionValue,14880000.000,,,,14453000.000,,,,0.000,,,,-4077000.000,,,,2173000.000,,,
AdjustmentsToReconcileNetIncomeLossToCashProvidedByUsedInOperatingActivities,107205000.000,,,,199136000.000,,,,64874000.000,,,,-109501000.000,,,,138673000.000,,,
AmortizationOfFinancingCostsAndDiscounts,14900000.000,,,,9178000.000,,,,6004000.000,,,,5158000.000,,,,4973000.000,-337000.000,,-1646000.000
AntidilutiveSecuritiesExcludedFromComputationOfEarningsPerShareAmount,9100000.000,9600000.000,,,,,,,,,,,,,,,,,,
CapitalExpendituresIncurredButNotYetPaid,-8227000.000,,,,-93238000.000,,,,-112967000.000,,,,64513000.000,,,,-70615000.000,,,18116000.000
CashAndCashEquivalentsPeriodIncreaseDecrease,660750000.000,,,,-276251000.000,,,,500960000.000,,,,-434014000.000,,,,43144000.000,-29639000.000,,-56548000.000
CashProvidedByUsedInFinancingActivitiesDiscontinuedOperations,,,,,,,,,,,,,0.000,,,,,0.000,,
CashProvidedByUsedInInvestingActivitiesDiscontinuedOperations,,,,,,,,,,,,,-30000.000,,,,0.000,96377000.000,,-46000.000
CashProvidedByUsedInOperatingActivitiesDiscontinuedOperations,,,,,,,,,,,,,21000.000,,,,-11000.000,22988000.000,,
ComprehensiveIncomeNetOfTax,,,,,190199000.000,-401957000.000,-26856000.000,-626026000.000,-131976000.000,-673850000.000,-315839000.000,-860570000.000,-368229000.000,-578292000.000,-693011000.000,-693442000.000,-541402000.000,,,-100281000.000
ComprehensiveIncomeNetOfTaxIncludingPortionAttributableToNoncontrollingInterest,172020000.000,216019000.000,-554587000.000,,,,,,,,,,,,,,,,,
CostOfGoodsAndServicesSold,656380000.000,658931000.000,687608000.000,642519000.000,665665000.000,655601000.000,631640000.000,652678000.000,648247000.000,626872000.000,581554000.000,527282000.000,603388000.000,640968000.000,539858000.000,498112000.000,451663000.000,,,
CostOfGoodsAndServicesSoldAmortization,9123000.000,10293000.000,10102000.000,9411000.000,9731000.000,9296000.000,15118000.000,16444000.000,16062000.000,15542000.000,16189000.000,16355000.000,17121000.000,18046000.000,23920000.000,21562000.000,20091000.000,,,4139000.000
CostOfGoodsAndServicesSoldDepreciation,146796000.000,161827000.000,158879000.000,150910000.000,160312000.000,162999000.000,170250000.000,184630000.000,187798000.000,166072000.000,162665000.000,117664000.000,140555000.000,170335000.000,147036000.000,134130000.000,116056000.000,,,8886000.000
CostOfGoodsSoldDirectMaterials,211503000.000,210152000.000,225145000.000,212572000.000,228690000.000,234297000.000,232905000.000,219228000.000,222421000.000,233866000.000,217117000.000,238231000.000,265805000.000,274059000.000,218998000.000,214629000.000,160070000.000,,,8666000.000
CurrentIncomeTaxExpenseBenefit,,,,,,46405000.000,27148000.000,,-16249000.000,-30328000.000,10024000.000,100535000.000,,,,,,,,
DebtorReorganizationItemsLegalAndAdvisoryProfessionalFees,,,,,,,,,,,,,,,,,13600000.000,,13600000.000,
DeferredIncomeTaxExpenseBenefit,,,,,-19963000.000,-23391000.000,492000.000,88950000.000,4631000.000,-18442000.000,-14362000.000,410243000.000,419000.000,,,,-5431000.000,,,
DepreciationDepletionAndAmortization,155919000.000,172120000.000,168981000.000,160321000.000,170043000.000,172295000.000,185368000.000,201074000.000,203860000.000,181614000.000,178854000.000,134019000.000,157676000.000,188381000.000,170956000.000,155692000.000,136147000.000,48299000.000,,13025000.000
EarningsPerShareBasic,0.570,0.670,-0.020,-0.050,0.060,-0.600,-0.480,-3.440,-1.210,-2.300,-1.740,-4.350,-2.190,-3.620,-2.570,,-1.800,,,
EarningsPerShareBasicAndDiluted,,,,,,,,,,,,,,,,,,,,-0.920
EarningsPerShareDiluted,0.560,0.660,-0.020,-0.050,0.060,-0.600,-0.480,-3.440,-1.210,-2.300,,,,,,,,,,
EffectOfExchangeRateOnCashAndCashEquivalents,-3328000.000,,,,12784000.000,,,,2198000.000,,,,-34224000.000,,,,-5056000.000,560000.000,,-145000.000
ExciseAndSalesTaxes,,,,,,52000000.000,50800000.000,,,,,,,,,,,,,
FeesAndCommissions,,,,,,,,,16500000.000,16500000.000,16500000.000,-33000000.000,,,,,,,,
ForeignCurrencyTransactionGainLossBeforeTax,8494000.000,15606000.000,-63927000.000,2852000.000,-14313000.000,-38697000.000,10811000.000,-11216000.000,23225000.000,-104493000.000,-4835000.000,-57642000.000,-7186000.000,9723000.000,-63002000.000,-70034000.000,-93427000.000,,,11375000.000
ForeignCurrencyTransactionGainLossUnrealized,8494000.000,,,,-14313000.000,,,,23225000.000,,,,-7186000.000,,,,-93427000.000,-106617000.000,,11375000.000
GainLossOnDispositionOfAssets,,,,,,,,,129950000.000,,,,-2141000.000,,,,,,,
GainLossOnDispositionOfAssets1,,,,,,,,,,,,,,,,,10693000.000,,,
GainLossOnForeignCurrencyFairValueHedgeDerivatives,,,,,,,,,,,,,,,,,,3100000.000,,
GainLossOnSalesOfAssetsAndAssetImpairmentCharges,,,,,,,,,,,,,,,75441000.000,,,,,
IncomeLossFromContinuingOperations,,,,,,,,,,-384856000.000,-293131000.000,,-376100000.000,-629242000.000,-456753000.000,-315217000.000,-309488000.000,,,-92675000.000
IncomeLossFromContinuingOperationsBeforeIncomeTaxesExtraordinaryItemsNoncontrollingInterest,,,,,73709000.000,-80497000.000,-54778000.000,,-186624000.000,-336086000.000,-288793000.000,,-371060000.000,-600571000.000,-391756000.000,,-294791000.000,,,-92673000.000
IncomeLossFromContinuingOperationsBeforeIncomeTaxesMinorityInterestAndIncomeLossFromEquityMethodInvestments,204160000.000,226470000.000,55703000.000,55818000.000,73709000.000,-80497000.000,-54778000.000,-481574000.000,-186624000.000,-336086000.000,-288793000.000,-351862000.000,-371060000.000,-600571000.000,-391756000.000,-268233000.000,-294791000.000,,,-92673000.000
IncomeLossFromContinuingOperationsPerBasicAndDilutedShare,,,,,,,,,,,,,,,,,,,,-0.920
IncomeLossFromContinuingOperationsPerBasicShare,,,,,,,,,,-2.230,-1.700,,-2.190,-3.650,-2.650,-1.820,-1.800,,,
IncomeLossFromContinuingOperationsPerDilutedShare,,,,,,,,,,-2.230,,,,,,,,,,
IncomeLossFromDiscontinuedOperationsNetOfTaxAttributableToReportingEntity,,,,,,,,,,-11495000.000,-6810000.000,,21000.000,5931000.000,13306000.000,-199644000.000,-29000.000,12528000.000,,-38000.000
IncomeLossFromDiscontinuedOperationsNetOfTaxPerBasicAndDilutedShare,,,,,,,,,,,,,,,,,,,,0.000
IncomeLossFromDiscontinuedOperationsNetOfTaxPerBasicShare,,,,,,,,,,-0.070,-0.040,,0.000,0.030,0.080,-1.160,0.000,,,
IncomeLossFromDiscontinuedOperationsNetOfTaxPerDilutedShare,,,,,,,,,,-0.070,,,,,,,,,,
IncomeLossFromEquityMethodInvestments,,,,,0.000,0.000,0.000,0.000,0.000,0.000,0.000,0.000,0.000,0.000,0.000,0.000,0.000,,,
IncomeTaxExpenseBenefit,107402000.000,112851000.000,58540000.000,64554000.000,62851000.000,23014000.000,27640000.000,108604000.000,20880000.000,48770000.000,4338000.000,372064000.000,5040000.000,28671000.000,6418000.000,33962000.000,1088000.000,,,0.000
IncreaseDecreaseInAccountsPayableAndAccruedLiabilities,-22911000.000,,,,15743000.000,,,,-68504000.000,,,,-49719000.000,,,,-48351000.000,-31675000.000,,-21148000.000
IncreaseDecreaseInAccountsReceivable,76915000.000,,,,-5188000.000,,,,226910000.000,,,,10880000.000,,,,25086000.000,30652000.000,,22292000.000
IncreaseDecreaseInIncomeTaxesReceivable,14500000.000,,,,,,,,,,,,,,,,,,,
IncreaseDecreaseInInventories,-21262000.000,,,,-9240000.000,,,,-23023000.000,,,,69383000.000,,,,-20192000.000,-6463000.000,,-3781000.000
IncreaseDecreaseInOtherOperatingAssets,31835000.000,,,,24512000.000,,,,23623000.000,,,,14037000.000,,,,-19500000.000,-9836000.000,,20861000.000
IncreaseDecreaseInOtherOperatingLiabilities,,,,,,,,,,,,,,,,,,,,20143000.000
IncreaseDecreaseInPrepaidDeferredExpenseAndOtherAssets,-7209000.000,,,,60678000.000,,,,-3140000.000,,,,174897000.000,,,,64596000.000,8855000.000,,5856000.000
IncreaseDecreaseInRestrictedCash,,,,,,,,,,,,,,,,,4829000.000,49329000.000,,3614000.000
InterestCostsCapitalized,5180000.000,,,,40784000.000,,,,23620000.000,,,,12722000.000,,,,1300000.000,2000000.000,,
InterestCostsIncurred,86339000.000,,,,,,,,,,,,,,,,,,,
InterestExpense,81159000.000,95715000.000,93545000.000,52082000.000,96822000.000,81329000.000,104447000.000,90655000.000,109852000.000,150242000.000,134962000.000,144103000.000,140212000.000,120394000.000,130292000.000,58447000.000,56695000.000,,,31562000.000
InterestRevenueExpense,,,,,-99642000.000,-80760000.000,-98126000.000,,,,,,,,,,,,,
InvestmentIncomeInterest,6211000.000,9600000.000,9157000.000,9256000.000,6190000.000,6042000.000,13324000.000,8587000.000,6533000.000,8987000.000,9289000.000,18570000.000,20108000.000,12762000.000,13495000.000,20060000.000,10317000.000,,,9136000.000
NetCashProvidedByUsedInFinancingActivities,675895000.000,,,,-227011000.000,,,,762844000.000,,,,-4640000.000,,,,335919000.000,-25202000.000,,-43064000.000
NetCashProvidedByUsedInFinancingActivitiesContinuingOperations,675895000.000,,,,-227011000.000,,,,762844000.000,,,,-4640000.000,,,,335919000.000,-25202000.000,,-43064000.000
NetCashProvidedByUsedInInvestingActivities,-215780000.000,,,,-272018000.000,,,,-121452000.000,,,,90409000.000,,,,-116864000.000,37232000.000,,31962000.000
NetCashProvidedByUsedInInvestingActivitiesContinuingOperations,-215780000.000,,,,-272018000.000,,,,-121452000.000,,,,90439000.000,,,,-116864000.000,-59145000.000,,32008000.000
NetCashProvidedByUsedInOperatingActivities,203963000.000,,,,209994000.000,,,,-142630000.000,,,,-485559000.000,,,,-170855000.000,-64891000.000,,-45301000.000
NetCashProvidedByUsedInOperatingActivitiesContinuingOperations,203963000.000,,,,209994000.000,,,,-142630000.000,,,,-485580000.000,,,,-170844000.000,-87879000.000,,-45301000.000
NetIncomeLoss,96758000.000,113619000.000,-2837000.000,-8736000.000,10858000.000,-103511000.000,-82418000.000,-590178000.000,-207504000.000,-396351000.000,-299941000.000,-745803000.000,-376079000.000,-623311000.000,-443447000.000,-514861000.000,-309517000.000,-189421000.000,,-92713000.000
NetIncomeLossAvailableToCommonStockholdersBasic,,,,,,,-82418000.000,,-207504000.000,,,,,,,,,,,
NonoperatingIncomeExpense,-70821000.000,-74500000.000,-156723000.000,-60513000.000,-113955000.000,-119457000.000,-87315000.000,-99153000.000,-84762000.000,-254081000.000,-126036000.000,-187628000.000,-131980000.000,-96189000.000,-178856000.000,-113115000.000,-129951000.000,,,-12824000.000
NotesIssued1,,,,,,,,,750000000.000,,,,,,,,,,,
OperatingExpenses,1347856000.000,1449143000.000,1538591000.000,1479046000.000,1442464000.000,1456865000.000,1459359000.000,1851035000.000,1515258000.000,1341565000.000,1264022000.000,1162577000.000,1209294000.000,1473134000.000,1139627000.000,978145000.000,928709000.000,,,330804000.000
OperatingIncomeLoss,274981000.000,300970000.000,212426000.000,116331000.000,187664000.000,38960000.000,32537000.000,-382421000.000,-101862000.000,-82005000.000,-162757000.000,-164234000.000,-239080000.000,-504382000.000,-212900000.000,-155118000.000,-164840000.000,,,-79849000.000
OtherAssetImpairmentCharges,,,,,,,,,,,,,,,13600000.000,,,,,
OtherComprehensiveIncomeAvailableForSaleSecuritiesAdjustmentNetOfTaxPeriodIncreaseDecrease,511000.000,-977000.000,3386000.000,-3262000.000,,,,,,,,,,,,,,,,
OtherComprehensiveIncomeForeignCurrencyTransactionAndTranslationAdjustmentNetOfTaxPeriodIncreaseDecrease,,,,,180671000.000,-298115000.000,56221000.000,,,,,,,,,,,,,
OtherComprehensiveIncomeForeignCurrencyTransactionAndTranslationAdjustmentNetOfTaxPortionAttributableToParent,,,,,,-298115000.000,56221000.000,,,,,,,,,,,,,
OtherComprehensiveIncomeForeignCurrencyTransactionAndTranslationReclassificationAdjustmentRealizedUponSaleOrLiquidationNetOfTax,74751000.000,103377000.000,-555136000.000,839465000.000,,,,,,,,,,,,,,,,
OtherComprehensiveIncomeLossForeignCurrencyTransactionAndTranslationAdjustmentNetOfTax,,,,,,,,,77453000.000,-275632000.000,-20129000.000,-116585000.000,8419000.000,44584000.000,-216109000.000,-177741000.000,-235248000.000,,,-7568000.000
OtherComprehensiveIncomeLossForeignCurrencyTransactionAndTranslationReclassificationAdjustmentFromAOCIRealizedUponSaleOrLiquidationNetOfTax,,,,,,,,,,,,,,,33885000.000,,,,,
OtherComprehensiveIncomeLossNetOfTax,,,,,,,,,75528000.000,-277499000.000,-15898000.000,,7850000.000,45019000.000,-249564000.000,,-231885000.000,-261870000.000,,-7568000.000
OtherComprehensiveIncomeLossNetOfTaxPeriodIncreaseDecrease,75262000.000,102400000.000,-551750000.000,,179341000.000,-298446000.000,55562000.000,,,,,,,,,,,,,
OtherComprehensiveIncomeLossNetOfTaxPortionAttributableToParent,,,,,,-298446000.000,55562000.000,,,,,,,,,,,,,
OtherCostOfServices,444877000.000,448779000.000,462463000.000,429947000.000,436975000.000,421304000.000,398735000.000,433450000.000,425826000.000,393006000.000,364437000.000,289051000.000,337583000.000,366909000.000,320860000.000,283483000.000,291593000.000,,,102708000.000
OtherNoncashIncomeExpense,,,,,-20649000.000,,,,-9758000.000,,,,-7480000.000,,,,-1521000.000,7459000.000,,1808000.000
OtherNonoperatingIncomeExpense,-4367000.000,-3991000.000,-8408000.000,-20539000.000,-9010000.000,-5473000.000,-7003000.000,-5869000.000,-4668000.000,-8333000.000,4472000.000,-4453000.000,-4690000.000,1720000.000,943000.000,-4694000.000,9854000.000,,,-1773000.000
PaymentsForProceedsFromInvestments,696517000.000,,,,347582000.000,,,,176309000.000,,,,203232000.000,,,,342366000.000,256467000.000,,208281000.000
PaymentsForProceedsFromOtherInvestingActivities,6773000.000,,,,4991000.000,,,,,,,,-34119000.000,,,,4928000.000,,,
PaymentsForRestructuring,,,,,,,,,,,,,,,,,7744000.000,,,5132000.000
PaymentsToAcquireOtherProductiveAssets,,,,,28711000.000,,,,13615000.000,,,,,,,,,,,
PaymentsToAcquirePropertyPlantAndEquipment,226131000.000,,,,327405000.000,,,,268927000.000,,,,182327000.000,,,,97796000.000,60062000.000,,27567000.000
ProceedsFromContributionsFromParent,,,,,0.000,,,,0.000,,,,0.000,,,,0.000,,,
ProceedsFromIssuanceOfCommonStock,,,,,,,,,,,,,,,,,,0.000,,
ProceedsFromIssuanceOfSeniorLongTermDebt,750000000.000,,,,0.000,,,,750000000.000,,,,0.000,,,,340375000.000,0.000,,
ProceedsFromLinesOfCredit,,,,,53550000.000,,,,41780000.000,,,,14691000.000,,,,340375000.000,,,
ProceedsFromPaymentsForOtherFinancingActivities,-74105000.000,,,,-6868000.000,,,,-6562000.000,,,,-19331000.000,,,,-1441000.000,0.000,,-930000.000
ProceedsFromSaleOfOtherInvestments,,,,,,,,,,,,,,,,,333055000.000,306014000.000,,272825000.000
ProceedsFromSaleOfShortTermInvestments,624541000.000,,,,407964000.000,,,,342819000.000,,,,510117000.000,,,,,,,
ProvisionForDoubtfulAccounts,31827000.000,,,,45482000.000,,,,17967000.000,34059000.000,25861000.000,38732000.000,28504000.000,,,,26582000.000,15383000.000,,20879000.000
ReorganizationItems,,,,,,,,,,,,,,,58579000.000,,13609000.000,,,2000.000
RepaymentsOfConvertibleDebt,,,,,74920000.000,,,,0.000,,,,,,,,,,,
RepaymentsOfOtherDebt,12412000.000,,,,,,,,,,,,,,,,,,,
RepaymentsOfSeniorDebt,,,,,,,,,,,,,,,,,,0.000,,
RepaymentsOfShortTermDebt,,,,,50983000.000,,,,2104000.000,,,,,,,,,,,
RestructuringCharges,,,,,,,,,,,,,,25300000.000,,,1516000.000,,,3559000.000
RestructuringCostsAndAssetImpairmentCharges,,,,,,,,,,,,,,,,,5826000.000,4162000.000,,70710000.000
RestructuringReserveTranslationAdjustment,,,,,,,,,,,,,,,,,,,,1588000.000
RestructuringSettlementAndImpairmentProvisions,,,,,,,,,127992000.000,1281000.000,21341000.000,20433000.000,-2527000.000,160270000.000,98092000.000,-35093000.000,7296000.000,,,71939000.000
Revenues,1622837000.000,1750113000.000,1751017000.000,1595377000.000,1630128000.000,1495825000.000,1491896000.000,1468614000.000,1413396000.000,1259560000.000,1101265000.000,998343000.000,970214000.000,968752000.000,926727000.000,823027000.000,763869000.000,,,250955000.000
SalesRevenueGoodsNet,76509000.000,79786000.000,83755000.000,76140000.000,84028000.000,74704000.000,72803000.000,75769000.000,53523000.000,45386000.000,47017000.000,52759000.000,56309000.000,75627000.000,62624000.000,46993000.000,44392000.000,,,7462000.000
SalesRevenueNet,1622837000.000,1750113000.000,1751017000.000,1595377000.000,1630128000.000,1495825000.000,1491896000.000,1468614000.000,1413396000.000,1259560000.000,1101265000.000,998343000.000,970214000.000,968752000.000,926727000.000,823027000.000,763869000.000,,,250955000.000
SalesRevenueServicesNet,1546328000.000,1670327000.000,1667262000.000,1519237000.000,1546100000.000,1421121000.000,1419093000.000,1392845000.000,1359873000.000,1214174000.000,1054248000.000,945584000.000,913905000.000,893125000.000,864103000.000,776034000.000,719477000.000,,,243493000.000
SegmentReportingInformationInterestExpense,-79315000.000,,,,,,,,,,,,,,,,,,,
SegmentReportingSegmentOperatingProfitLoss,430900000.000,,,,,,,,,,,,,,,,,,,
SellingGeneralAndAdministrativeExpense,535557000.000,618092000.000,682002000.000,676206000.000,606756000.000,628969000.000,642351000.000,446346000.000,517192000.000,497739000.000,456412000.000,442111000.000,450757000.000,483515000.000,406162000.000,358624000.000,333603000.000,,,134466000.000
SeveranceCosts1,,,,,,,,,,,,,,,12700000.000,,,,,
ShareBasedCompensation,14880000.000,,,,14453000.000,,,,8803000.000,,,,5154000.000,,,,1571000.000,2210000.000,,1573000.000
StockIssuedDuringPeriodValueShareBasedCompensation,,,,,,,,,,,,,,,,,,,,1602000.000
StockIssuedDuringPeriodValueStockOptionsExercised,426000.000,,,,140000.000,,,,-1038000.000,,,,,,,,,,,
StockRepurchasedDuringPeriodShares,,,,,,129903.000,,,,,,,,,,,,,,
StockRepurchasedDuringPeriodValue,,,,,,2500000.000,,,,,,,,,,,,,,
StockholdersEquityOther,3000.000,,,,,,,,,,,,,,,,,,,
UndistributedEarningsAllocatedToParticipatingSecurities,,,,,,,,,0.000,,,,,,,,,,,
UnrealizedGainLossOnCashFlowHedgingInstruments,,,,,,,,,,,,,,,,,,3200000.000,-9900000.000,
UnrecognizedTaxBenefitsDecreasesResultingFromCurrentPeriodTaxPositions,,,,,0.000,,,,,,,,,,,,,,,
UnrecognizedTaxBenefitsDecreasesResultingFromPriorPeriodTaxPositions,-70653000.000,,,,0.000,,,,,,,,,,,,,,,
UnrecognizedTaxBenefitsDecreasesResultingFromSettlementsWithTaxingAuthorities,,,,,0.000,,,,,,,,,,,,,,,
UnrecognizedTaxBenefitsIncreasesResultingFromCurrentPeriodTaxPositions,747000.000,,,,691000.000,,,,46000.000,,,,,,,,,,,
UnrecognizedTaxBenefitsIncreasesResultingFromPriorPeriodTaxPositions,,,,,0.000,,,,,,,,,,,,,,,
UnrecognizedTaxBenefitsReductionsResultingFromLapseOfApplicableStatuteOfLimitations,-1392000.000,,,,0.000,,,,,,,,,,,,,,,
ValuationAllowanceDeferredTaxAssetChangeInAmount,,,,,,,,,,,35700000.000,,121600000.000,,,,,,,
WeightedAverageNumberOfDilutedSharesOutstanding,172534000.000,172963000.000,171135000.000,-343851000.000,171983000.000,171529000.000,171632000.000,-343645000.000,171655000.000,172246000.000,,,,,,,,,,
WeightedAverageNumberOfShareOutstandingBasicAndDiluted,,,,,,,,,,,,,172105000.000,172295000.000,172363000.000,,172363000.000,,,100259000.000
WeightedAverageNumberOfSharesOutstandingBasic,169692000.000,170381000.000,171135000.000,-340607000.000,171181000.000,171529000.000,171632000.000,-342843000.000,171655000.000,172246000.000,172438000.000,-344427000.000,,,,,,,,
