,2011-03-31,2011-06-30,2011-09-30,2011-12-31,2012-03-31,2012-06-30,2012-09-30,2012-12-31,2013-03-31,2013-06-30,2013-09-30,2013-12-31,2014-03-31,2014-09-30,2015-03-31,2015-06-30,2015-09-30,2015-12-31,2016-03-31,2016-06-30,2016-09-30,2016-12-31,2017-03-31
AcquisitionCosts,,,,,1142000.000,-206000.000,,,,,,,,,,,,,,,,,
AdjustmentsRelatedToTaxWithholdingForShareBasedCompensation,,,,,,,,,,,,,,,,,,,,1200000.000,1400000.000,,
AdjustmentsToAdditionalPaidInCapitalSharebasedCompensationRequisiteServicePeriodRecognitionValue,47600000.000,58600000.000,59000000.000,,,,,,,,,,,,,,,,,,,,
AdjustmentsToAdditionalPaidInCapitalTaxEffectFromShareBasedCompensation,39400000.000,2000000.000,6900000.000,,,,,,,,,,,,,,,,,,,,
AllocatedShareBasedCompensationExpense,49000000.000,60100000.000,60500000.000,52600000.000,65000000.000,61900000.000,59100000.000,57400000.000,49900000.000,61500000.000,69300000.000,63900000.000,60800000.000,65300000.000,46000000.000,58900000.000,56500000.000,55900000.000,51800000.000,55600000.000,55600000.000,63800000.000,62000000.000
AmortizationOfFinancingCostsAndDiscounts,,,,,236000.000,,,,,,,,,,,,,,,,,,
AmortizationOfIntangibleAssets,1544000.000,1332000.000,1263000.000,1227000.000,1178000.000,1236000.000,1148000.000,1138000.000,1200000.000,7700000.000,7600000.000,15400000.000,9500000.000,8500000.000,11900000.000,5600000.000,5600000.000,5400000.000,3300000.000,4800000.000,4800000.000,3400000.000,4300000.000
AntidilutiveSecuritiesExcludedFromComputationOfEarningsPerShareAmount,5800000.000,13500000.000,29800000.000,-31700000.000,30600000.000,42300000.000,36800000.000,-77400000.000,24700000.000,39400000.000,21800000.000,-72700000.000,25400000.000,10200000.000,6400000.000,3700000.000,3100000.000,-9800000.000,4000000.000,8000000.000,2700000.000,-12200000.000,1600000.000
AvailableForSaleSecuritiesContinuousUnrealizedLossPosition12MonthsOrLongerAggregateLosses,0.000,,,,,,,,,,,,0.000,,,,,,,,,,
AvailableForSaleSecuritiesContinuousUnrealizedLossPositionAggregateLosses,700000.000,,,,,,,,,,,,1000000.000,,,,,,,,,,
AvailableForSaleSecuritiesContinuousUnrealizedLossPositionLessThan12MonthsAggregateLosses,700000.000,,,,,,,,,,,,1000000.000,,,,,,,,,,
AvailableForSaleSecuritiesGrossRealizedGains,,,,,,,,,,,,,165500000.000,0.000,165500000.000,,,,,,,,
AvailableForSaleSecuritiesGrossUnrealizedGains,2600000.000,,,,,,,,,,,,,,,,,,,,,,
AvailableForSaleSecuritiesGrossUnrealizedLoss,700000.000,,,,,,,,,,,,,,,,,,,,,,
BusinessCombinationAcquisitionRelatedCosts,5061000.000,4200000.000,0.000,339000.000,1100000.000,-200000.000,300000.000,800000.000,100000.000,100000.000,0.000,700000.000,600000.000,,,,,,,,2800000.000,,
BusinessCombinationIntegrationRelatedCosts,,2685000.000,,,,,,,,,,,,,,,,,,,,,
CashAndCashEquivalentsPeriodIncreaseDecrease,1132496000.000,,,,2675000.000,,,,-364100000.000,,,,295400000.000,,171200000.000,,,,225100000.000,,,,408800000.000
CommonStockDividendsPerShareDeclared,,,,,,,,,,,,,,0.100,0.100,0.100,0.100,0.100,0.100,0.100,0.100,0.100,0.100
ComprehensiveIncomeNetOfTax,140800000.000,116700000.000,67500000.000,83800000.000,33148000.000,50069000.000,30403000.000,95180000.000,81100000.000,99400000.000,169400000.000,149800000.000,47900000.000,87500000.000,64800000.000,179900000.000,185600000.000,,103100000.000,143100000.000,163400000.000,,124500000.000
ComprehensiveIncomeNetOfTaxAttributableToNoncontrollingInterest,-100000.000,-100000.000,-0.000,100000.000,0.000,0.000,0.000,0.000,,,,,,,,,,,,,,,
ComprehensiveIncomeNetOfTaxIncludingPortionAttributableToNoncontrollingInterest,140700000.000,116600000.000,67500000.000,83900000.000,33200000.000,50100000.000,30400000.000,95100000.000,,,,,,,,,,,,,,,
CostMethodInvestmentsRealizedGainLoss,,,,,,14800000.000,5800000.000,,1600000.000,,3600000.000,,,,,,6000000.000,,,,,,
CostMethodInvestmentsRealizedGains,,,,,,14800000.000,,,,,,,,,,,,,,,,,
CostOfGoodsSold,265746000.000,292391000.000,286609000.000,310537000.000,280629000.000,292589000.000,334645000.000,296137000.000,278200000.000,321300000.000,325500000.000,351600000.000,326600000.000,290000000.000,288800000.000,311700000.000,322600000.000,346500000.000,277900000.000,328300000.000,349600000.000,370400000.000,330200000.000
CostOfRevenue,365727000.000,398378000.000,394192000.000,421822000.000,398443000.000,405886000.000,444480000.000,407791000.000,388400000.000,430200000.000,439100000.000,470000000.000,450000000.000,411100000.000,410100000.000,440700000.000,451200000.000,477200000.000,407000000.000,464900000.000,485800000.000,527900000.000,474400000.000
CostOfServices,99981000.000,105987000.000,107583000.000,111285000.000,117814000.000,113297000.000,109835000.000,111654000.000,110200000.000,108900000.000,113600000.000,118400000.000,123400000.000,121100000.000,121300000.000,129000000.000,128600000.000,130700000.000,129100000.000,136600000.000,136200000.000,157500000.000,144200000.000
CostmethodInvestmentsOtherThanTemporaryImpairment,,,,,14000000.000,0.000,6000000.000,0.000,0.000,400000.000,2100000.000,300000.000,0.000,1100000.000,,,0.000,,5100000.000,0.000,4500000.000,1600000.000,
DeferredIncomeTaxesAndTaxCredits,,,,,,,,,15700000.000,,,,-44500000.000,,11300000.000,,,,21100000.000,,,,15300000.000
DefinedBenefitPlanContributionsByEmployer,5100000.000,4700000.000,3900000.000,2600000.000,6600000.000,5600000.000,4800000.000,3200000.000,,,,,,,,,,,,,,,
DepreciationDepletionAndAmortization,40758000.000,,,,43396000.000,,,,51600000.000,,,,48100000.000,,47500000.000,,,,47000000.000,,,,55800000.000
DividendsCommonStockCash,,,,,,,,,,,,,,,,,,,,,,,38000000.000
EarningsPerShareBasic,0.240,0.220,0.160,0.180,0.030,0.110,0.030,0.190,0.180,0.190,0.200,0.310,0.230,0.230,0.200,0.410,0.520,0.490,0.240,0.370,0.450,0.490,0.290
EarningsPerShareDiluted,0.240,0.210,0.160,0.180,0.030,0.110,0.030,0.180,0.180,0.190,0.190,0.300,0.220,0.230,0.190,0.400,0.510,0.490,0.230,0.360,0.450,0.490,0.280
EffectOfExchangeRateOnCashAndCashEquivalents,,,,,,,,,,,,,,,-12100000.000,,,,5600000.000,,,,7200000.000
EffectiveIncomeTaxRateContinuingOperations,0.241,0.265,0.309,,0.301,0.355,0.567,,-0.183,0.222,,,,,,,,,,0.272,0.271,,0.226
EffectiveIncomeTaxRateReconciliationAtFederalStatutoryIncomeTaxRate,,0.350,0.350,,0.350,,,,,0.350,0.350,,0.253,0.374,0.309,0.301,0.208,,0.278,0.350,0.350,-0.628,
EmployeeServiceShareBasedCompensationUnrecognizedCompensationCostsOnNonvestedAwardsWeightedAveragePeriodOfRecognition,2.600,,,,,,,,,,,,,,,,,,,,,,
EntityWideRevenueMajorCustomerPercentage,,,,,,0.120,,,,,,,,,,,,,,,,,
EquityMethodInvestmentOtherThanTemporaryImpairment,0.000,,,,,,,,,,,,,,,,,,,,,,
ExcessTaxBenefitFromShareBasedCompensationFinancingActivities,39041000.000,,,,4319000.000,,,,1100000.000,,,,6700000.000,,1700000.000,,,,0.000,,,,
ExcessTaxBenefitFromShareBasedCompensationOperatingActivities,39041000.000,,,,4319000.000,,,,1100000.000,,,,6700000.000,,1700000.000,,,,0.000,,,,
FairValueLevel1ToLevel2TransfersAmount,,0.000,0.000,,,,,,,,,,,,,,,,,,,,
FairValueLevel2ToLevel1TransfersAmount,,0.000,0.000,,,,,,,,,,,,,,,,,,,,
FairValueMeasurementWithUnobservableInputsReconciliationLiabilityTransfersIntoLevel3,,,,,,,,,,,0.000,,,,,,,,,,,,
FairValueMeasurementWithUnobservableInputsReconciliationRecurringBasisAssetTransfersIntoLevel3,,,,,,,,,,,0.000,,,,,,,,,,,,
FiniteLivedIntangibleAssetsFutureAmortizationExpense,135600000.000,,,,145700000.000,,,,,,,,,,,,,,,,,,
FutureAmortizationExpenseAfterYearFive,,,,,16100000.000,,,,,,,,,,,,,,,,,,
FutureAmortizationExpenseRemainderOfFiscalYear,,,,,26200000.000,,,,,,,,,,,,,,,,,,
FutureAmortizationExpenseYearFive,19300000.000,,,,11100000.000,,,,,,,,,,,,,,,,,,
FutureAmortizationExpenseYearFour,24300000.000,,,,24800000.000,,,,,,,,,,,,,,,,,,
FutureAmortizationExpenseYearThree,26100000.000,,,,32800000.000,,,,,,,,,,,,,,,,,,
FutureAmortizationExpenseYearTwo,26400000.000,,,,34700000.000,,,,,,,,,,,,,,,,,,
GainLossOnInvestments,,,,,-14000000.000,,,,2300000.000,,,,166200000.000,-1900000.000,600000.000,200000.000,6000000.000,0.000,-5400000.000,3600000.000,1900000.000,-1900000.000,1200000.000
GainLossRelatedToLitigationSettlement,,,,,,,,,,,,,,800000.000,,0.000,0.000,,,,,,
GeneralAndAdministrativeExpense,44924000.000,44260000.000,44455000.000,45493000.000,54666000.000,48775000.000,49442000.000,50717000.000,47800000.000,48800000.000,61100000.000,59600000.000,74900000.000,55000000.000,55200000.000,56300000.000,57100000.000,60300000.000,59400000.000,58600000.000,54000000.000,52900000.000,50500000.000
GoodwillAcquiredDuringPeriod,400000.000,,,,59600000.000,,,,,,,,13600000.000,,,,,,,,,,
GoodwillImpairmentLoss,0.000,0.000,0.000,0.000,0.000,0.000,0.000,0.000,0.000,,,,,,,,,,,,,,
GoodwillOtherChanges,,,,,,,,,,,,,,,200000.000,,,,0.000,,,,
GoodwillOtherIncreaseDecrease,,,,,,,,,,,,,,,,,,,,,,,-2300000.000
GoodwillTranslationAndPurchaseAccountingAdjustments,-900000.000,,,,0.000,,,,,,,,,,,,,,,,,,
GrossProfit,735885000.000,722166000.000,711604000.000,698935000.000,634055000.000,667873000.000,673831000.000,733041000.000,670800000.000,720500000.000,746500000.000,803600000.000,720100000.000,714800000.000,657300000.000,781500000.000,797400000.000,842400000.000,690900000.000,756400000.000,799500000.000,857700000.000,746600000.000
ImpairmentOfIntangibleAssetsFinitelived,0.000,0.000,0.000,0.000,0.000,0.000,16100000.000,0.000,0.000,0.000,0.000,16100000.000,,,,,,,,,,,
ImpairmentOfInvestments,,,,,,,,,,,,,,,,,,,,,,,0.000
IncomeLossFromContinuingOperationsBeforeIncomeTaxesExtraordinaryItemsNoncontrollingInterest,,,121069000.000,,23278000.000,89488000.000,38813000.000,139921000.000,76900000.000,125900000.000,137500000.000,185200000.000,148000000.000,165600000.000,116000000.000,226000000.000,249600000.000,260600000.000,126500000.000,192200000.000,236600000.000,272100000.000,140600000.000
IncomeLossFromContinuingOperationsBeforeIncomeTaxesMinorityInterestAndIncomeLossFromEquityMethodInvestments,170931000.000,157232000.000,,,,,,,,,,,,,,,,,,,,,
IncomeTaxExaminationInterestExpense,,,,,,,,,3000000.000,,,,,,,,,,,,,,
IncomeTaxExpenseBenefit,41271000.000,41714000.000,37398000.000,26321000.000,7008000.000,31769000.000,21999000.000,44224000.000,-14100000.000,28000000.000,38400000.000,33400000.000,37400000.000,62000000.000,35800000.000,68000000.000,51900000.000,62800000.000,35100000.000,52200000.000,64200000.000,83200000.000,31800000.000
IncomeTaxReconciliationDeductionsQualifiedProductionActivities,,,,,,,,,,20300000.000,-600000.000,,-30800000.000,-9200000.000,1300000.000,-200000.000,0.000,14000000.000,,,,,
IncomeTaxReconciliationIncomeTaxExpenseBenefitAtFederalStatutoryIncomeTaxRate,,,,,,,,,27800000.000,,,,,,,,,,,,,,
IncomeTaxReconciliationNondeductibleExpenseImpairmentLosses,,,,,,,,,,,,,,,,,,,-1900000.000,600000.000,,,
IncomeTaxReconciliationNondeductibleExpenseRestructuringCharges,,,,,,,,,,,,,,,,,,,0.000,0.000,-300000.000,,
IncomeTaxReconciliationTaxCreditsResearch,,,,,,,,,15200000.000,,1000000.000,,0.000,0.000,,,,,,,,,
IncomeTaxReconciliationTaxSettlements,,,,,,,,,,,0.000,,0.000,0.000,,,,,,,,,
IncreaseDecreaseInAccountsPayableTrade,-58468000.000,,,,-126846000.000,,,,9100000.000,,,,19200000.000,,-7800000.000,,,,69800000.000,,,,-18400000.000
IncreaseDecreaseInAccountsReceivable,-125610000.000,,,,-126462000.000,,,,94300000.000,,,,15700000.000,,-54200000.000,,,,3200000.000,,,,-383000000.000
IncreaseDecreaseInAccruedIncomeTaxesPayable,38099000.000,,,,-3750000.000,,,,-38400000.000,,,,21200000.000,,14100000.000,,,,-24200000.000,,,,4100000.000
IncreaseDecreaseInDeferredRevenue,65844000.000,,,,32558000.000,,,,57200000.000,,,,82800000.000,,99000000.000,,,,92000000.000,,,,11900000.000
IncreaseDecreaseInEmployeeRelatedLiabilities,-66510000.000,,,,-15426000.000,,,,-75200000.000,,,,-92000000.000,,-54100000.000,,,,-89300000.000,,,,-47200000.000
IncreaseDecreaseInOtherAccruedLiabilities,13981000.000,,,,-9146000.000,,,,-26500000.000,,,,-50300000.000,,-48400000.000,,,,-29800000.000,,,,-25500000.000
IncreaseDecreaseInPrepaidDeferredExpenseAndOtherAssets,59372000.000,,,,22272000.000,,,,53600000.000,,,,-35500000.000,,21800000.000,,,,59600000.000,,,,3500000.000
IncreaseDecreaseInRestrictedCash,0.000,,,,-35000.000,,,,,,,,-25000000.000,,0.000,,,,,,,,
IncreaseDecreaseInTradingSecurities,2495000.000,,,,2659000.000,,,,1500000.000,,,,1800000.000,,,,,,,,,,
IncrementalCommonSharesAttributableToShareBasedPaymentArrangements,18000000.000,13600000.000,7300000.000,-27300000.000,6500000.000,4000000.000,3300000.000,-8500000.000,8000000.000,3300000.000,7100000.000,-9900000.000,10300000.000,6400000.000,7100000.000,7300000.000,6400000.000,-12000000.000,6100000.000,3500000.000,3500000.000,-7000000.000,7100000.000
InterestExpense,6500000.000,15200000.000,14000000.000,13800000.000,14200000.000,13500000.000,12800000.000,12400000.000,14300000.000,14900000.000,14200000.000,15000000.000,15400000.000,16900000.000,18500000.000,21800000.000,21600000.000,21400000.000,22500000.000,25000000.000,25100000.000,25100000.000,25300000.000
InterestIncomeOther,,,,,,,,,,,,,,,,1600000.000,1600000.000,,2700000.000,2700000.000,,,
InventoryWriteDown,,,,,,,36300000.000,,,,,,,,,,,,,,,,
InvestmentIncomeInterest,2400000.000,2600000.000,2200000.000,2500000.000,2800000.000,2900000.000,2600000.000,2700000.000,2100000.000,1700000.000,2300000.000,2600000.000,2100000.000,2700000.000,3800000.000,6700000.000,5700000.000,5600000.000,7900000.000,8500000.000,9100000.000,9900000.000,10400000.000
LegalFees,,,1400000.000,,,,,,,,,,,,,,,,,,,,
NetCashProvidedByUsedInFinancingActivities,1102070000.000,,,,-6288000.000,,,,-70100000.000,,,,-743800000.000,,185300000.000,,,,104300000.000,,,,-134000000.000
NetCashProvidedByUsedInFinancingActivitiesContinuingOperations,1102070000.000,,,,-6288000.000,,,,-70100000.000,,,,-743800000.000,,185300000.000,,,,104300000.000,,,,-134000000.000
NetCashProvidedByUsedInInvestingActivities,-209224000.000,,,,-93303000.000,,,,-285100000.000,,,,913200000.000,,-221300000.000,,,,-57200000.000,,,,-9700000.000
NetCashProvidedByUsedInInvestingActivitiesContinuingOperations,-209224000.000,,,,-93303000.000,,,,-285100000.000,,,,913200000.000,,-221300000.000,,,,-57200000.000,,,,-9700000.000
NetCashProvidedByUsedInOperatingActivities,239650000.000,,,,102266000.000,,,,-8900000.000,,,,126000000.000,,219300000.000,,,,172400000.000,,,,545300000.000
NetCashProvidedByUsedInOperatingActivitiesContinuingOperations,239650000.000,,,,102266000.000,,,,-8900000.000,,,,126000000.000,,219300000.000,,,,172400000.000,,,,545300000.000
NetIncomeLoss,129750000.000,115560000.000,83663000.000,96163000.000,16270000.000,57719000.000,16814000.000,95697000.000,91000000.000,97900000.000,99100000.000,151800000.000,110600000.000,103600000.000,80200000.000,158000000.000,197700000.000,197800000.000,91400000.000,140000000.000,172400000.000,188900000.000,108800000.000
NetIncomeLossAttributableToNoncontrollingInterest,-90000.000,-42000.000,8000.000,0.000,0.000,0.000,0.000,0.000,,,,,,,,,,,,,,,
NonoperatingIncomeExpense,-6462000.000,-13688000.000,-15957000.000,-10701000.000,-24431000.000,2770000.000,-3956000.000,9017000.000,-10100000.000,-12600000.000,-7500000.000,-10200000.000,154200000.000,-6800000.000,-15800000.000,-17100000.000,-8400000.000,-18500000.000,-22200000.000,-11600000.000,-13400000.000,-15100000.000,-15700000.000
OciBeforeReclassificationsNetOfTaxAttributableToParent,,,,,,,,,,,,,,,,,,,,,,,14700000.000
OperatingExpenses,558492000.000,551246000.000,574578000.000,565750000.000,586346000.000,581155000.000,631062000.000,602137000.000,583800000.000,582000000.000,601500000.000,608200000.000,726300000.000,542400000.000,525500000.000,538400000.000,539400000.000,563300000.000,542200000.000,552600000.000,549500000.000,570500000.000,590300000.000
OperatingIncomeLoss,177393000.000,170920000.000,137026000.000,133185000.000,47709000.000,86718000.000,42769000.000,130904000.000,87000000.000,138500000.000,145000000.000,195400000.000,-6200000.000,172400000.000,131800000.000,243100000.000,258000000.000,279100000.000,148700000.000,203800000.000,250000000.000,287200000.000,156300000.000
OperatingLeasesRentExpenseMinimumRentals,14800000.000,17800000.000,17000000.000,16100000.000,15700000.000,15800000.000,15700000.000,16000000.000,13700000.000,13600000.000,12600000.000,12900000.000,13000000.000,10800000.000,11500000.000,10900000.000,33200000.000,-12400000.000,9100000.000,10500000.000,9600000.000,8700000.000,
OtherComprehensiveIncomeAvailableForSaleSecuritiesAdjustmentNetOfTaxPeriodIncreaseDecrease,4400000.000,-1500000.000,-8700000.000,-4100000.000,12300000.000,,,,,,,,,,,,,,,,,,
OtherComprehensiveIncomeForeignCurrencyTransactionAndTranslationAdjustmentNetOfTaxPeriodIncreaseDecrease,6600000.000,2600000.000,-7500000.000,-8100000.000,4600000.000,,,,,,,,,,,,,,,,,,
OtherComprehensiveIncomeForeignCurrencyTranslationAdjustmentTax,,0.000,0.000,,,,,,,,,,,,,,,,,,,,
OtherComprehensiveIncomeLossAvailableForSaleSecuritiesAdjustmentBeforeTax,,,,,,,,,,9500000.000,101200000.000,,,,,,,,,,,,
OtherComprehensiveIncomeLossAvailableForSaleSecuritiesAdjustmentNetOfTax,,,,,,,,,-600000.000,5700000.000,64900000.000,-5900000.000,-65400000.000,-4600000.000,-1000000.000,8700000.000,-3700000.000,4600000.000,4400000.000,700000.000,-900000.000,-4600000.000,1400000.000
OtherComprehensiveIncomeLossAvailableForSaleSecuritiesTax,,,,,,,,,,3800000.000,36300000.000,,,,,,,,,,,,
OtherComprehensiveIncomeLossBeforeReclassificationsNetOfTax,,,,,,,,,,,,,41900000.000,,-18300000.000,,,,10500000.000,,,,
OtherComprehensiveIncomeLossBeforeTax,,,,,,,,,,3500000.000,106300000.000,,,,,,,,,,,,
OtherComprehensiveIncomeLossDerivativesQualifyingAsHedgesBeforeTax,,,,,,,,,,-2300000.000,1000000.000,,,,,,,,,,,,
OtherComprehensiveIncomeLossDerivativesQualifyingAsHedgesNetOfTax,,,,,,,,,-3500000.000,-500000.000,1300000.000,1900000.000,1000000.000,-3800000.000,-3300000.000,6200000.000,400000.000,-400000.000,3600000.000,200000.000,-1200000.000,-5800000.000,6400000.000
OtherComprehensiveIncomeLossDerivativesQualifyingAsHedgesTax,,,,,,,,,,-1800000.000,-300000.000,,,,,,,,,,,,
OtherComprehensiveIncomeLossForeignCurrencyTransactionAndTranslationAdjustmentBeforeTax,,,,,,,,,,-3700000.000,4100000.000,,,,,,,,,,,,
OtherComprehensiveIncomeLossForeignCurrencyTransactionAndTranslationAdjustmentNetOfTax,,,,,,-4500000.000,5200000.000,,-5800000.000,-3700000.000,4100000.000,2000000.000,1700000.000,-7700000.000,-11100000.000,7000000.000,-8800000.000,-4000000.000,3700000.000,2200000.000,-6900000.000,-13500000.000,7900000.000
OtherComprehensiveIncomeLossForeignCurrencyTranslationAdjustmentTax,,,,,,,,,,0.000,0.000,,,,,,,,,,,,
OtherComprehensiveIncomeLossNetOfTax,,,,,,-7600000.000,13600000.000,,-9900000.000,1500000.000,70300000.000,-2000000.000,-62700000.000,-16100000.000,-15400000.000,21900000.000,-12100000.000,200000.000,11700000.000,3100000.000,-9000000.000,-23900000.000,15700000.000
OtherComprehensiveIncomeLossNetOfTaxPeriodIncreaseDecrease,11000000.000,1100000.000,-16200000.000,-12200000.000,16900000.000,,,,,,,,,,,,,,,,,,
OtherComprehensiveIncomeLossNetOfTaxPortionAttributableToParent,,,,,,,,,,,,,,,,,,,,,,,15700000.000
OtherComprehensiveIncomeLossReclassificationAdjustmentForSaleOfSecuritiesIncludedInNetIncomeNetOfTax,,,,,,,,,-400000.000,,,,,,,,,,,,,,
OtherComprehensiveIncomeLossReclassificationAdjustmentFromAOCIForSaleOfSecuritiesBeforeTax,,,,,,,,,,200000.000,400000.000,,,,,,,,,,,,
OtherComprehensiveIncomeLossReclassificationAdjustmentFromAOCIForSaleOfSecuritiesNetOfTax,,,,,,,,,,100000.000,300000.000,,103500000.000,200000.000,200000.000,300000.000,100000.000,-100000.000,-100000.000,1000000.000,300000.000,0.000,100000.000
OtherComprehensiveIncomeLossReclassificationAdjustmentFromAOCIForSaleOfSecuritiesTax,,,,,,,,,,100000.000,100000.000,,60300000.000,100000.000,0.000,0.000,0.000,0.000,0.000,500000.000,0.000,-1000000.000,0.000
OtherComprehensiveIncomeLossReclassificationAdjustmentFromAOCIOnDerivativesBeforeTax,,,,,,,,,,600000.000,-1400000.000,,,,,,,,,,,,
OtherComprehensiveIncomeLossReclassificationAdjustmentFromAOCIOnDerivativesNetOfTax,,,,,,,,,,400000.000,-600000.000,,1100000.000,1000000.000,-3100000.000,-3800000.000,-1800000.000,-900000.000,-1100000.000,1200000.000,900000.000,100000.000,-1100000.000
OtherComprehensiveIncomeLossReclassificationAdjustmentFromAOCIOnDerivativesTax,,,,,,,,,,200000.000,-800000.000,,-100000.000,500000.000,100000.000,0.000,-100000.000,0.000,-200000.000,300000.000,300000.000,-1100000.000,300000.000
OtherComprehensiveIncomeLossReclassificationAdjustmentOnDerivativesIncludedInNetIncomeNetOfTax,,,,,,,,,-1400000.000,,,,,,,,,,,,,,
OtherComprehensiveIncomeLossTax,,,,,,,,,,2000000.000,36000000.000,,,,,,,,,,,,
OtherComprehensiveIncomeUnrealizedGainLossOnDerivativesArisingDuringPeriodBeforeTax,,,,,,,,,,-1700000.000,-400000.000,,,,,,,,,,,,
OtherComprehensiveIncomeUnrealizedGainLossOnDerivativesArisingDuringPeriodNetOfTax,,,,,,,,,-2100000.000,-100000.000,700000.000,2200000.000,2100000.000,-2800000.000,-6400000.000,2400000.000,-1400000.000,-1300000.000,2500000.000,1400000.000,-300000.000,-5700000.000,5300000.000
OtherComprehensiveIncomeUnrealizedGainLossOnDerivativesArisingDuringPeriodTax,,,,,,,,,,-1600000.000,-1100000.000,,600000.000,0.000,-300000.000,400000.000,500000.000,-1000000.000,-500000.000,100000.000,600000.000,600000.000,1700000.000
OtherComprehensiveIncomeUnrealizedHoldingGainLossOnSecuritiesArisingDuringPeriodBeforeTax,,,,,,,,,,9700000.000,101600000.000,,,,,,,,,,,,
OtherComprehensiveIncomeUnrealizedHoldingGainLossOnSecuritiesArisingDuringPeriodNetOfTax,,,,,,,,,-200000.000,5800000.000,65200000.000,-5700000.000,38100000.000,-4400000.000,-800000.000,9000000.000,-3600000.000,4500000.000,4300000.000,1700000.000,-600000.000,-4600000.000,1500000.000
OtherComprehensiveIncomeUnrealizedHoldingGainLossOnSecuritiesArisingDuringPeriodTax,,0.000,0.000,,,,,,,3900000.000,36400000.000,,22100000.000,-2000000.000,-3800000.000,5400000.000,-3700000.000,-4400000.000,100000.000,-600000.000,300000.000,-500000.000,700000.000
OtherCostAndExpenseOperating,,,18000.000,,,,,,,,,,,,,,,,,,,,
OtherGeneralExpense,4101000.000,,,,,,,,,,,,,,,,,,,,,,
OtherNoncashIncomeExpense,,,,,,,,,-300000.000,,,,-800000.000,,0.000,,,,,,,,
OtherNonoperatingIncomeExpense,-2400000.000,-1100000.000,-4200000.000,700000.000,-13000000.000,13400000.000,6200000.000,18700000.000,2100000.000,600000.000,4400000.000,2200000.000,167500000.000,8500000.000,-1700000.000,-2200000.000,1500000.000,-2700000.000,-2200000.000,1300000.000,700000.000,2000000.000,-2000000.000
OtherNonrecurringExpense,,,,,,,-5300000.000,,,,0.000,,,,,,,,,,,,
OtherThanTemporaryImpairmentLossesInvestmentsAvailableforsaleSecurities,,,,,,,,,,,,,1600000.000,1100000.000,,,,,,,,,
OtherThanTemporaryImpairmentLossesInvestmentsPortionRecognizedInEarningsNetAvailableforsaleSecurities,,,,,,,,,,,,,,,0.000,0.000,0.000,,,,,,
PaymentsForDerivativeInstrumentFinancingActivities,,,,,,,,,,,,,300000000.000,,0.000,,,,,,,,
PaymentsForLegalSettlements,0.000,,,,,,,,,,,,,,,,,,,,,,
PaymentsForRepurchaseOfCommonStock,205171000.000,,,,56088000.000,,,,132500000.000,,,,905800000.000,,402400000.000,,,,83400000.000,,,,129700000.000
PaymentsForRestructuring,,,,,,,,,,,,,11600000.000,,8200000.000,,,,,,,,5200000.000
PaymentsOfDividends,,,,,,,,,,,,,,,40800000.000,,,,38300000.000,,,,38000000.000
PaymentsToAcquireAvailableForSaleSecurities,437773000.000,,,,371285000.000,,,,582200000.000,,,,327100000.000,,398800000.000,,,,360700000.000,,,,378900000.000
PaymentsToAcquireBusinessesNetOfCashAcquired,28573000.000,,,,90487000.000,,,,10000000.000,,,,27100000.000,,0.000,,,,,,,,
PaymentsToAcquireOtherInvestments,5972000.000,,,,1122000.000,,,,7300000.000,,,,1700000.000,,3200000.000,,,,10500000.000,,,,0.000
PaymentsToAcquireProductiveAssets,53972000.000,,,,81991000.000,,,,71500000.000,,,,57300000.000,,44200000.000,,,,49300000.000,,,,32100000.000
PaymentsToMinorityShareholders,0.000,,,,,,,,,,,,,,,,,,,,,,
ProceedsFromIssuanceOfCommonStock,264113000.000,,,,37798000.000,,,,65000000.000,,,,101200000.000,,31800000.000,,,,32000000.000,,,,33700000.000
ProceedsFromIssuanceOfLongTermDebt,991556000.000,,,,0.000,,,,,,,,346500000.000,,594600000.000,,,,494000000.000,,,,0.000
ProceedsFromMaturitiesPrepaymentsAndCallsOfAvailableForSaleSecurities,126260000.000,,,,222840000.000,,,,54000000.000,,,,79300000.000,,57300000.000,,,,79600000.000,,,,184300000.000
ProceedsFromPaymentsForOtherFinancingActivities,12531000.000,,,,7683000.000,,,,-2300000.000,,,,8000000.000,,0.000,,,,,,,,
ProceedsFromPaymentsForTradingSecurities,,,,,,,,,,,,,,,-1900000.000,,,,-2500000.000,,,,-1800000.000
ProceedsFromSaleAndCollectionOfReceivables,194300000.000,207600000.000,142800000.000,141800000.000,178500000.000,147300000.000,156700000.000,197300000.000,162700000.000,205700000.000,210800000.000,264700000.000,192300000.000,128900000.000,60000000.000,25500000.000,9100000.000,4700000.000,1700000.000,9100000.000,30000000.000,42400000.000,23100000.000
ProceedsFromSaleAndMaturityOfOtherInvestments,,,,,,,,,1600000.000,,,,2500000.000,,0.000,,,,,,,,
ProceedsFromSaleOfAvailableForSaleSecurities,193301000.000,,,,231366000.000,,,,331800000.000,,,,1221400000.000,,169500000.000,,,,286200000.000,,,,218800000.000
ProductWarrantyAccrualPreexistingIncreaseDecrease,-800000.000,-2100000.000,-200000.000,,0.000,,,,-300000.000,,,,0.000,,,,,,,,,,
ProductWarrantyAccrualWarrantiesIssued,15300000.000,12400000.000,13000000.000,11800000.000,8900000.000,,,,7300000.000,,,,7300000.000,,7300000.000,,,,6600000.000,,,,12300000.000
ProfitLoss,129660000.000,115518000.000,83671000.000,96163000.000,16270000.000,57719000.000,16814000.000,95697000.000,91000000.000,,,,,,,,,,,,,,
ReclassificationFromAccumulatedOtherComprehensiveIncomeCurrentPeriodNetOfTax,,,,,,,,,,,,,104600000.000,,-2900000.000,,,,-1200000.000,,,,
ReclassificationFromAociCurrentPeriodNetOfTaxAttributableToParent,,,,,,,,,,,,,,,,,,,,,,,-1000000.000
RepaymentsOfLongTermCapitalLeaseObligations,,,,,,,,,1400000.000,,,,400000.000,,-400000.000,,,,0.000,,,,
RepaymentsOfLongTermDebt,,,,,,,,,,,,,,,,,,,300000000.000,,,,0.000
ResearchAndDevelopmentExpense,261979000.000,257250000.000,257096000.000,250465000.000,269602000.000,268734000.000,288178000.000,275086000.000,262200000.000,257700000.000,264600000.000,258700000.000,264000000.000,253200000.000,248700000.000,251600000.000,247000000.000,247200000.000,251000000.000,247900000.000,251800000.000,263000000.000,276200000.000
RestructuringAndRelatedCostExpectedCost,,,,,,,,,14000000.000,,,,,,,,,,,,,,
RestructuringCharges,-347000.000,-916000.000,,,,,31018000.000,,7700000.000,8800000.000,12100000.000,18900000.000,29300000.000,,1400000.000,,,,,,,,19400000.000
RestructuringCostsAndAssetImpairmentCharges,,,,,,,83400000.000,,,,,,122400000.000,-15000000.000,1400000.000,-1900000.000,-3500000.000,-100000.000,0.000,,,,
RestructuringReserveAccrualAdjustment,-300000.000,,,,900000.000,,,,,,,,,,,,,,,,,,
RestructuringReserveAccrualAdjustment1,,,,,,,,,,,,,,,,,,,,,,,600000.000
RestructuringReservePeriodExpense,0.000,,,,2000000.000,,,,,,,,,,,,,,,,,,
RestructuringReserveSettledWithCash,400000.000,,,,-1900000.000,,,,12100000.000,,,,,,,,,,,,,,
RestructuringReserveTranslationAndOtherAdjustment,,,,,,,,,200000.000,,,,-1400000.000,,800000.000,,,,,,,,
Revenues,1101612000.000,1120544000.000,1105796000.000,1120757000.000,1032498000.000,1073759000.000,1118311000.000,1140832000.000,1059200000.000,1150700000.000,1185600000.000,1273600000.000,1170100000.000,1125900000.000,1067400000.000,1222200000.000,1248600000.000,1319600000.000,1097900000.000,1221300000.000,1285300000.000,1385600000.000,1221000000.000
SalesRevenueGoodsNet,877440000.000,891428000.000,861935000.000,847461000.000,771873000.000,804662000.000,838179000.000,847386000.000,781800000.000,863800000.000,900800000.000,973500000.000,876000000.000,809500000.000,764100000.000,899700000.000,925400000.000,973900000.000,753000000.000,862100000.000,928200000.000,985600000.000,828900000.000
SalesRevenueNet,1101612000.000,1120544000.000,1105796000.000,1120757000.000,1032498000.000,1073759000.000,1118311000.000,1140832000.000,1059200000.000,1150700000.000,1185600000.000,1273600000.000,1170100000.000,1125900000.000,1067400000.000,1222200000.000,1248600000.000,1319600000.000,1097900000.000,1221300000.000,1285300000.000,1385600000.000,1221000000.000
SalesRevenueServicesNet,224172000.000,229116000.000,243861000.000,273296000.000,260625000.000,269097000.000,280132000.000,293446000.000,277400000.000,286900000.000,284800000.000,300100000.000,294100000.000,316400000.000,303300000.000,322500000.000,323200000.000,345700000.000,344900000.000,359200000.000,357100000.000,400000000.000,392100000.000
SellingAndMarketingExpense,246291000.000,246635000.000,254933000.000,253201000.000,257719000.000,259455000.000,261026000.000,263800000.000,255200000.000,266200000.000,268700000.000,285800000.000,273400000.000,249200000.000,220200000.000,232400000.000,235300000.000,255900000.000,231800000.000,243700000.000,242900000.000,254500000.000,244200000.000
ShareBasedCompensation,47586000.000,,,,65007000.000,,,,49900000.000,,,,60800000.000,,46000000.000,,,,51800000.000,,,,62000000.000
ShareBasedCompensationArrangementByShareBasedPaymentAwardCompensationCost,49000000.000,60100000.000,60500000.000,52600000.000,65000000.000,,,,,,,,,,,,,,,,,,
ShareBasedCompensationArrangementByShareBasedPaymentAwardEquityInstrumentsOtherThanOptionsForfeitedInPeriod,1100000.000,,,,,,,,,,,,,,,,,,,,,,
ShareBasedCompensationArrangementByShareBasedPaymentAwardEquityInstrumentsOtherThanOptionsGrantsInPeriod,15400000.000,,,,,,,,,,,,,,,,,,,,,,
ShareBasedCompensationArrangementByShareBasedPaymentAwardEquityInstrumentsOtherThanOptionsVestedInPeriod,,,,,,,,,,,,,1000000.000,,,,,,,,,,
ShareBasedCompensationArrangementByShareBasedPaymentAwardOptionsExercisableIntrinsicValue,504800000.000,,,,,,,,,,,,,,,,,,,,,,
ShareBasedCompensationArrangementByShareBasedPaymentAwardOptionsExercisableWeightedAverageRemainingContractualTerm,3.400,,,,,,,,,,,,,,,,,,,,,,
ShareBasedCompensationArrangementByShareBasedPaymentAwardOptionsExercisesInPeriod,11200000.000,,,,,,,,,,,,,,,,,,,,,,
ShareBasedCompensationArrangementByShareBasedPaymentAwardOptionsExercisesInPeriodTotalIntrinsicValue,211400000.000,29500000.000,5200000.000,3700000.000,6900000.000,16200000.000,1600000.000,3200000.000,11900000.000,2600000.000,9600000.000,5300000.000,23800000.000,3400000.000,3300000.000,10600000.000,3200000.000,10400000.000,3900000.000,400000.000,300000.000,2500000.000,
ShareBasedCompensationArrangementByShareBasedPaymentAwardOptionsExpirationsInPeriod,100000.000,,,,200000.000,,,,1400000.000,,,,600000.000,,1700000.000,,,,,,,,600000.000
ShareBasedCompensationArrangementByShareBasedPaymentAwardOptionsForfeituresInPeriod,500000.000,,,,500000.000,,,,400000.000,,,,300000.000,,100000.000,,,,,,,,
ShareBasedCompensationArrangementByShareBasedPaymentAwardOptionsGrantsInPeriod,4200000.000,,,,3000000.000,,,,0.000,,,,,,,,,,,,,,
ShareBasedCompensationArrangementByShareBasedPaymentAwardOptionsOutstandingWeightedAverageRemainingContractualTerm,4.400,,,,,,,,,,,,,,,,,,,,,,
ShareBasedCompensationArrangementByShareBasedPaymentAwardOptionsVestedAndExpectedToVestOutstandingWeightedAverageRemainingContractualTerm,4.300,,,,,,,,,,,,,,,,,,,,,,
ShareBasedCompensationArrangementByShareBasedPaymentAwardOptionsVestedInPeriodFairValue,,,,,,18800000.000,14200000.000,,,,,,,,,,,,,,,,
ShareBasedCompensationArrangementByShareBasedPaymentAwardOtherShareIncreaseDecrease,500000.000,,,,,,,,,,,,,,,,,,,,,,
ShareBasedCompensationArrangementsByShareBasedPaymentAwardOptionsExercisesInPeriodWeightedAverageExercisePrice,,,,,,,,,16.170,,,,20.240,,14.200,,,,14.500,,,,21.390
ShareBasedCompensationArrangementsByShareBasedPaymentAwardOptionsExpirationsInPeriodWeightedAverageExercisePrice,,,,,,,,,27.730,,,,28.760,,26.320,,,,,,,,30.630
ShareBasedCompensationArrangementsByShareBasedPaymentAwardOptionsForfeituresInPeriodWeightedAverageExercisePrice,,,,,,,,,31.350,,,,30.340,,23.520,,,,,,,,
ShareBasedCompensationArrangementsByShareBasedPaymentAwardOptionsGrantsInPeriodWeightedAverageExercisePrice,,,,,,,,,0.000,,,,,,,,,,,,,,
SharesPaidForTaxWithholdingForShareBasedCompensation,,,,,,,,,,,,,,,,,,,,100000.000,100000.000,,
StandardProductWarrantyAccrualPayments,12100000.000,10500000.000,12000000.000,12900000.000,7900000.000,,,,7300000.000,,,,6900000.000,,7100000.000,,,,6600000.000,,,,8100000.000
StockIssuedDuringPeriodSharesStockOptionsExercised,,,,,700000.000,,,,2300000.000,,,,3700000.000,,300000.000,,,,400000.000,,,,200000.000
StockIssuedDuringPeriodValueEmployeeStockPurchasePlan,23700000.000,,28000000.000,,,,,,,,,,,,,,,,,,,,
StockIssuedDuringPeriodValueStockOptionsExercised,241700000.000,37900000.000,8300000.000,,,,,,,,,,,,,,,,,,,,
StockRepurchaseProgramAuthorizedAmount,,,,,,,,,1000000000.000,,,,,,,,,,,,,,
StockRepurchaseProgramRemainingAuthorizedRepurchaseAmount,,,,,,,,,438300000.000,,,,,,,,,,,,,,
StockRepurchasedAndRetiredDuringPeriodShares,4800000.000,3900000.000,8900000.000,-100000.000,2400000.000,5000000.000,13900000.000,14500000.000,6200000.000,6400000.000,4400000.000,11900000.000,,23500000.000,17400000.000,23200000.000,1800000.000,3000000.000,3100000.000,,,,
StockRepurchasedAndRetiredDuringPeriodValue,200200000.000,150000000.000,191000000.000,0.000,51600000.000,94000000.000,250000000.000,250000000.000,129900000.000,105500000.000,92900000.000,242300000.000,900000000.000,550000000.000,400000000.000,600000000.000,50000000.000,92500000.000,75000000.000,,,,
TaxAdjustmentsSettlementsAndUnusualProvisions,,,,,,,,,43000000.000,,,,,,,,,,,,,,
TenantReimbursements,,,,,,,,,,,,,,,,,,,,,4400000.000,,
TradingSecuritiesUnrealizedHoldingGain,0.000,,,,0.000,,,,0.000,,,,,,,,,,,,,,
TradingSecuritiesUnrealizedHoldingLoss,0.000,,,,0.000,,,,0.000,,,,,,,,,,,,,,
UnrealizedGainLossOnMarketableSecuritiesCostMethodInvestmentsAndOtherInvestments,,,,,,,,,,,,,,0.000,0.000,0.000,0.000,11400000.000,0.000,0.000,0.000,,
UnrecognizedTaxBenefitsDecreasesResultingFromSettlementsWithTaxingAuthorities,-5800000.000,,,,,,,,,,,,,,,,,,,,,,
UnrecognizedTaxBenefitsPeriodIncreaseDecrease,,,,,,,,,29100000.000,,,,,,,,,,,,,,
UnrecognizedTaxBenefitsReductionsResultingFromLapseOfApplicableStatuteOfLimitations,,,,,3400000.000,,,,,,,,,,,,,,,,,,
WeightedAverageNumberOfDilutedSharesOutstanding,548825000.000,546452000.000,536583000.000,-1090443000.000,533683000.000,531755000.000,524537000.000,-1063775000.000,512700000.000,506300000.000,508600000.000,-1017300000.000,496500000.000,454800000.000,414200000.000,397200000.000,389200000.000,-801200000.000,389300000.000,386300000.000,384500000.000,-772300000.000,388000000.000
WeightedAverageNumberOfSharesOutstandingBasic,530789000.000,532909000.000,529286000.000,-1063216000.000,527186000.000,527756000.000,521178000.000,-1055220000.000,504700000.000,503000000.000,501500000.000,-1007400000.000,486200000.000,448400000.000,407100000.000,389900000.000,382800000.000,-789200000.000,383200000.000,382800000.000,381000000.000,-765300000.000,380900000.000
