,2011-04-03,2011-07-03,2011-10-02,2011-12-31,2012-03-31,2012-06-30,2012-09-30,2012-12-31,2013-03-31,2013-06-30,2013-09-30,2013-12-31,2014-03-31,2014-06-30,2014-09-30,2014-12-31,2015-03-31,2015-06-30,2015-09-30,2015-12-31,2016-03-31,2016-06-30,2016-09-30,2016-12-31,2017-03-31
AccumulatedDepreciationDepletionAndAmortizationPropertyPlantAndEquipmentPeriodIncreaseDecrease,63914000.000,,,,63254000.000,,,,65973000.000,,,,,,,,,,,,,,,,
AdvertisingRevenue,177384000.000,193352000.000,170553000.000,213255000.000,170750000.000,190086000.000,195158000.000,229837000.000,163148000.000,186702000.000,84444000.000,-67978000.000,78247000.000,82475000.000,81583000.000,101271000.000,74027000.000,77457000.000,68898000.000,59542000.000,68158000.000,70901000.000,86531000.000,85488000.000,64116000.000
AmortizationOfIntangibleAssets,6808000.000,,9300000.000,,4278000.000,4500000.000,5100000.000,7566000.000,3717000.000,,,,3081000.000,,,,4769000.000,,,,,,,,6836000.000
AntidilutiveSecuritiesExcludedFromComputationOfEarningsPerShareAmount,,89850.000,137544.000,,115294.000,,,,,,,,,,,,,,,,,,,,
AssetImpairmentCharges,,,,,,,,,,,,,,,,,,,,,,,0.000,,
AvailableForSaleSecuritiesGrossRealizedGainsLossesSaleProceeds,,,,,,,,,2100000.000,,,,4200000.000,,,,0.000,,,,6000000.000,,,,0.000
BusinessAcquisitionsProFormaNetIncomeLoss,,,,,,,,,,,,,,,,,,,,,40092000.000,62133000.000,32400000.000,38113000.000,21099000.000
BusinessAcquisitionsProFormaRevenue,,,,,,,,,,,,,,,,,,,,,601919000.000,628933000.000,626223000.000,641678000.000,584152000.000
BusinessCombinationConsiderationTransferred1,,,,,,,,,,,,,,,,,,,,,208300000.000,,,,86500000.000
BusinessCombinationProFormaInformationEarningsOrLossOfAcquireeSinceAcquisitionDateActual,,,,,,,,,,,,,,,,,,,,,3800000.000,5100000.000,-2200000.000,500000.000,-200000.000
BusinessCombinationProFormaInformationRevenueOfAcquireeSinceAcquisitionDateActual,,,,,,,,,,,,,,,,,,,,,11400000.000,13900000.000,6100000.000,16200000.000,5500000.000
CashAndCashEquivalentsPeriodIncreaseDecrease,-108570000.000,,,,-86108000.000,,,,-211779000.000,,,,73114000.000,,,,-154619000.000,,,,-223620000.000,,,,
CommonStockDividendsPerShareDeclared,,2.350,2.350,,4.900,2.450,2.450,0.000,,,,,5.100,2.550,2.550,0.000,5.300,2.650,1.150,-0.000,2.420,1.210,1.210,0.000,2.540
ComprehensiveIncomeNetOfTax,,,,,,,,,,,,,,,,,,,,,,,,,39368000.000
ComprehensiveIncomeNetOfTaxAttributableToNoncontrollingInterest,35000.000,3000.000,54000.000,34000.000,90000.000,17000.000,-76000.000,72000.000,118000.000,254000.000,75000.000,56000.000,-219000.000,-499000.000,-121000.000,256000.000,774000.000,434000.000,287000.000,-60000.000,435000.000,433000.000,0.000,0.000,0.000
ComprehensiveIncomeNetOfTaxIncludingPortionAttributableToNoncontrollingInterest,40929000.000,37043000.000,-41171000.000,63546000.000,59997000.000,47102000.000,95684000.000,16929000.000,29247000.000,61379000.000,37608000.000,555751000.000,145896000.000,592964000.000,68125000.000,240261000.000,4872000.000,56738000.000,-235269000.000,-64361000.000,41450000.000,50429000.000,40331000.000,-40946000.000,39368000.000
CostMethodInvestmentsRealizedGainLoss,,199000.000,0.000,,5817000.000,1441000.000,0.000,-619000.000,-179000.000,1000.000,18000.000,-1601000.000,,,,,,,,,,,,,
CostmethodInvestmentsOtherThanTemporaryImpairment,,,231000.000,,,335000.000,112000.000,,,,,,,,,,,,,,,,15000000.000,,
CostsAndExpenses,1011609000.000,991904000.000,980679000.000,934683000.000,955007000.000,946566000.000,935413000.000,1036136000.000,936045000.000,928801000.000,820606000.000,456847000.000,761032000.000,784144000.000,817590000.000,764468000.000,799593000.000,790676000.000,855155000.000,221515000.000,549868000.000,554793000.000,553605000.000,520090000.000,553663000.000
DebtInstrumentInterestRateDuringPeriod,,,,,,,,,,,,,,0.070,0.070,,0.071,0.068,0.072,-0.140,0.072,0.072,0.062,-0.139,0.063
DebtInstrumentInterestRateStatedPercentageRateRangeMaximum,,0.060,,,,,,,,,,,,,,,,,,,,,,,
DebtInstrumentInterestRateStatedPercentageRateRangeMinimum,,0.000,,,,,,,,,,,,,,,,,,,,,,,
DeconsolidationGainOrLossAmount,,,,,,,,,,,,,,,,,5972000.000,0.000,0.000,0.000,0.000,3232000.000,0.000,0.000,
DeferredIncomeTaxExpenseBenefit,-3701000.000,,,,,,,,,,,,,,,,,,,,,,,,
DefinedBenefitPlanAmortizationOfTransitionObligationsAssets,,,0.000,,,,,,,,,,,,,,,,,,,,,,
DefinedBenefitPlanCostOfProvidingSpecialOrContractualTerminationBenefitRecognizedDuringPeriod,,,0.000,,1022000.000,,,,14258000.000,,,,4490000.000,,,,0.000,,,,,,,,
DefinedBenefitPlanNetPeriodicBenefitCost,,,1489000.000,,3214000.000,2442000.000,12826000.000,6911000.000,18615000.000,12634000.000,-2733000.000,-46115000.000,-12188000.000,-17919000.000,-13320000.000,-17768000.000,-11432000.000,-11440000.000,-16255000.000,-21430000.000,-12059000.000,-12266000.000,-12389000.000,-30383000.000,-14688000.000
DefinedBenefitPlanSpecialTerminationBenefits,,,0.000,,,,,,,,,,,,,,,,,,,,,,
Depreciation,63914000.000,63908000.000,62644000.000,62907000.000,62501000.000,62978000.000,63739000.000,79425000.000,65791000.000,63875000.000,55633000.000,65963000.000,54124000.000,,,,58545000.000,,,,,,,,14652000.000
DepreciationDepletionAndAmortization,,,,,,,,,,,,,,,,,,,,,23023000.000,,,,21488000.000
DiscontinuedOperationGainLossFromDisposalOfDiscontinuedOperationBeforeIncomeTax,,,516000.000,,-3082000.000,29541000.000,-2174000.000,-526000.000,-70000.000,0.000,0.000,157519000.000,-4737000.000,358964000.000,-4352000.000,1258000.000,-732000.000,0.000,0.000,0.000,,,,,
DiscontinuedOperationIncomeLossFromDiscontinuedOperationBeforeIncomeTax,,-2214000.000,,,,,,,,,,,,,,,,,,,,,,,
DiscontinuedOperationIncomeLossFromDiscontinuedOperationDuringPhaseOutPeriodBeforeIncomeTax,,,-2126000.000,,-344000.000,-967000.000,-718000.000,-5212000.000,-2016000.000,0.000,-40655000.000,-40229000.000,6140000.000,8339000.000,-931000.000,-3825000.000,0.000,0.000,1662000.000,69075000.000,,,,,
DiscontinuedOperationIncomeLossFromDiscontinuedOperationDuringPhaseOutPeriodNetOfTax,,,-1343000.000,,22156000.000,-697000.000,-950000.000,-25682000.000,-1340000.000,0.000,-25872000.000,-26629000.000,4114000.000,5426000.000,-1162000.000,-3063000.000,0.000,0.000,379000.000,42575000.000,,,,,
DiscontinuedOperationTaxEffectOfDiscontinuedOperation,,-800000.000,,,,,,,,,,,,,,,,,,,,,,,
DiscontinuedOperationTaxEffectOfIncomeLossFromDiscontinuedOperationDuringPhaseOutPeriod,,,-783000.000,,-22500000.000,-270000.000,232000.000,20470000.000,-676000.000,0.000,-14783000.000,-13600000.000,2026000.000,2913000.000,231000.000,-762000.000,0.000,0.000,1283000.000,26500000.000,,,,,
DiscontinuedOperationTaxEffectOfIncomeLossFromDisposalOfDiscontinuedOperation,,,1683000.000,,-1143000.000,11000000.000,-52178000.000,-22270000.000,-24000.000,0.000,0.000,57513000.000,-1695000.000,-16075000.000,1466000.000,503000.000,52000.000,0.000,0.000,0.000,,,,,
DisposalGroupIncludingDiscontinuedOperationOperatingExpense,,-15093000.000,5940000.000,,7135000.000,1485000.000,5579000.000,28384000.000,5477000.000,0.000,165380000.000,294748000.000,10134000.000,12568000.000,2225000.000,12330000.000,0.000,0.000,-1662000.000,327041000.000,,,,,
DisposalGroupIncludingDiscontinuedOperationOperatingIncomeLoss,,,,,,,,,,,,,,,,,,,1662000.000,,,,,,
DisposalGroupIncludingDiscontinuedOperationRevenue,,12879000.000,3814000.000,,6791000.000,518000.000,4861000.000,23172000.000,3461000.000,0.000,124725000.000,254519000.000,16274000.000,20907000.000,1294000.000,8505000.000,0.000,0.000,0.000,397404000.000,,,,,
DisposalGroupNotDiscontinuedOperationGainLossOnDisposal,,,,,,,,,,,,,,,,,0.000,,,,,,,,
DividendsCommonStockCash,,,,,,,,,,,,,37044000.000,14506000.000,14462000.000,-132024000.000,30228000.000,15201000.000,6621000.000,-104100000.000,13574000.000,6685000.000,6708000.000,-53929000.000,14066000.000
EarningsPerShareBasic,1.870,5.740,-0.820,7.910,4.070,6.840,12.640,-6.160,0.640,6.020,4.070,21.370,17.850,100.800,13.180,63.980,3.510,9.920,-40.250,8.950,6.630,10.820,5.900,6.600,3.770
EarningsPerShareDiluted,1.870,5.740,-0.820,7.910,4.070,6.840,12.640,-6.160,0.640,6.020,4.050,21.340,17.790,100.480,13.120,63.640,3.480,9.870,-40.250,9.030,6.590,10.760,5.870,6.580,3.750
EffectOfExchangeRateOnCashAndCashEquivalents,2421000.000,,,,3263000.000,,,,-2402000.000,,,,1188000.000,,,,-5535000.000,,,,1095000.000,,,,
ForeignCurrencyTransactionGainLossBeforeTax,,331000.000,-6707000.000,,2660000.000,-2592000.000,3111000.000,-47000.000,-4614000.000,-12622000.000,7886000.000,-4032000.000,5037000.000,2909000.000,-10564000.000,-8511000.000,-6827000.000,3608000.000,-12972000.000,627000.000,-5443000.000,-24084000.000,-3797000.000,-6566000.000,1728000.000
ForeignCurrencyTransactionGainLossUnrealized,2701000.000,,,,,,,,,,,,,,,,,,,,,,,,
FutureAmortizationExpenseAfterYearFive,,,,,3000000.000,,,,3000000.000,,,,,,,,,,,,,,,,
FutureAmortizationExpenseRemainderOfFiscalYear,,,,,13000000.000,,,,9000000.000,,,,,,,,,,,,,,,,
FutureAmortizationExpenseYearFive,,,,,3000000.000,,,,4000000.000,,,,,,,,,,,,,,,,
FutureAmortizationExpenseYearFour,,,,,6000000.000,,,,4000000.000,,,,,,,,,,,,,,,,
FutureAmortizationExpenseYearOne,,,,,13000000.000,,,,9000000.000,,,,,,,,,,,,,,,,
FutureAmortizationExpenseYearThree,,,,,7000000.000,,,,6000000.000,,,,,,,,,,,,,,,,
FutureAmortizationExpenseYearTwo,,,,,8000000.000,,,,7000000.000,,,,,,,,,,,,,,,,
GainLossOnDispositionOfAssets1,,,,,,,,,,,,,,,,,,,,,20449000.000,,,,-335000.000
GainLossOnDispositionOfIntangibleAssets,,,,,,,,,,,,,,,75249000.000,,,,,,,,,,
GainLossOnSaleOfBusiness,,,,,,,,,,,,,,,,,,2918000.000,-26253000.000,,18931000.000,0.000,0.000,0.000,-342000.000
GainLossOnSaleOfPropertyPlantEquipment,,,,,,,,,,,,,127259000.000,,,,,,,,,,0.000,,
GoodwillAcquiredDuringPeriod,,,,,5143000.000,,,,627000.000,,,,5608000.000,,,,,,,,161399000.000,,,,42632000.000
GoodwillForeignCurrencyTranslationGainLoss,,,,,,,,,,,,,,,,,,,,,2012000.000,,,,14257000.000
GoodwillImpairmentLoss,,,,,,,,,,,,,,,,,,,248591000.000,,,,,,
GoodwillPurchaseAccountingAdjustments,,,,,,,,,,,,,,,,,,,,,,,-20200000.000,,
GoodwillTranslationAdjustments,,,,,,,,,-8879000.000,,,,7924000.000,,,,-19219000.000,,,,,,,,
GoodwillTranslationAndPurchaseAccountingAdjustments,,,,,12016000.000,,,,,,,,,,,,,,,,,,,,
GoodwillWrittenOffRelatedToSaleOfBusinessUnit,,,,,-4660000.000,,,,,,,,,,,,7614000.000,,,,,,,,412000.000
ImpairmentOfIntangibleAssetsFinitelived,,,,,,,,,,,,,,7774000.000,,,,,,,,,,,
ImpairmentOfLongLivedAssetsToBeDisposedOf,,,,,,,,,,,,,,,,,,6876000.000,,,,,,,
IncomeLossFromContinuingOperations,15154000.000,46987000.000,-3698000.000,61961000.000,10830000.000,33970000.000,44742000.000,-41501000.000,6104000.000,44675000.000,56016000.000,83096000.000,131026000.000,369672000.000,83331000.000,336718000.000,21390000.000,57782000.000,-231222000.000,8594000.000,37780000.000,60766000.000,33126000.000,36918000.000,21086000.000
IncomeLossFromContinuingOperationsBeforeIncomeTaxesExtraordinaryItemsNoncontrollingInterest,,,13144000.000,,21851000.000,54303000.000,76093000.000,-31637000.000,13945000.000,75534000.000,87296000.000,124451000.000,208633000.000,446185000.000,141619000.000,530674000.000,37084000.000,90927000.000,-261435000.000,12534000.000,60615000.000,84999000.000,40926000.000,64118000.000,23786000.000
IncomeLossFromContinuingOperationsIncludingPortionAttributableToNoncontrollingInterest,15629000.000,47177000.000,-3456000.000,61978000.000,11351000.000,34203000.000,44893000.000,-41437000.000,6645000.000,45134000.000,56296000.000,83151000.000,131233000.000,369385000.000,83419000.000,336974000.000,22584000.000,58427000.000,-230935000.000,8534000.000,38215000.000,61199000.000,33126000.000,36918000.000,
IncomeLossFromContinuingOperationsPerBasicShare,1.870,5.920,-0.500,7.940,1.370,4.480,6.030,-5.790,0.820,6.020,7.550,11.440,17.710,49.680,14.380,57.670,3.640,9.920,-40.320,1.530,6.630,10.820,5.900,6.600,3.770
IncomeLossFromContinuingOperationsPerDilutedShare,1.870,5.920,-0.500,7.940,1.370,4.480,6.030,-5.790,0.820,6.020,7.530,11.410,17.650,49.520,14.320,57.390,3.620,9.870,-40.320,1.600,6.590,10.760,5.870,6.580,3.750
IncomeLossFromDiscontinuedOperationsNetOfTax,,,-2510000.000,,20217000.000,17844000.000,49054000.000,-3938000.000,-1386000.000,0.000,-25872000.000,73377000.000,1072000.000,380465000.000,-6980000.000,-2308000.000,-784000.000,0.000,379000.000,42575000.000,0.000,0.000,0.000,0.000,
IncomeLossFromDiscontinuedOperationsNetOfTaxAttributableToReportingEntity,,-1414000.000,,,,,,,,,,,,,,,,,,,,,,,
IncomeLossFromDiscontinuedOperationsNetOfTaxPerBasicShare,,-0.180,-0.320,,2.700,2.360,6.610,-0.370,-0.180,0.000,-3.480,9.930,0.140,51.120,-1.200,6.310,-0.130,0.000,0.070,7.420,0.000,0.000,0.000,0.000,
IncomeLossFromDiscontinuedOperationsNetOfTaxPerDilutedShare,,-0.180,-0.320,,2.700,2.360,6.610,-0.370,-0.180,0.000,-3.480,9.930,0.140,50.960,-1.200,6.250,-0.140,0.000,0.070,7.430,0.000,0.000,0.000,0.000,
IncomeLossFromEquityMethodInvestments,3737000.000,3138000.000,-1494000.000,568000.000,3888000.000,3314000.000,4099000.000,2785000.000,3418000.000,3868000.000,5892000.000,37000.000,4052000.000,91503000.000,4613000.000,202000.000,-404000.000,-353000.000,95000.000,-35000.000,1004000.000,-891000.000,-1008000.000,-7042000.000,649000.000
IncomeLossFromEquityMethodInvestmentsNetOfDividendsOrDistributions,3737000.000,,,,3691000.000,,,,3408000.000,,,,4052000.000,,,,-594000.000,,,,1004000.000,,,,649000.000
IncomeTaxExpenseBenefit,9100000.000,27500000.000,16600000.000,43100000.000,10500000.000,20100000.000,31200000.000,9800000.000,7300000.000,30400000.000,31000000.000,41300000.000,77400000.000,76800000.000,58200000.000,193700000.000,14500000.000,32500000.000,-30500000.000,4000000.000,22400000.000,23800000.000,7800000.000,27200000.000,2700000.000
IncreaseDecreaseInAccountsPayableAndAccruedLiabilities,-90647000.000,,,,-22828000.000,,,,-43487000.000,,,,-112811000.000,,,,-28337000.000,,,,-45930000.000,,,,-55584000.000
IncreaseDecreaseInAccountsReceivable,-54448000.000,,,,-36716000.000,,,,-23020000.000,,,,-23498000.000,,,,-59741000.000,,,,-41749000.000,,,,-122605000.000
IncreaseDecreaseInDeferredRevenue,11127000.000,,,,3647000.000,,,,15529000.000,,,,25739000.000,,,,-11621000.000,,,,17695000.000,,,,4603000.000
IncreaseDecreaseInIncomeTaxes,,,,,,,,,2273000.000,,,,73236000.000,,,,-117452000.000,,,,17926000.000,,,,-6490000.000
IncreaseDecreaseInIncomeTaxesReceivable,-3521000.000,,,,-11019000.000,,,,,,,,,,,,,,,,,,,,
IncreaseDecreaseInInventories,-604000.000,,,,-2016000.000,,,,-3658000.000,,,,,,,,,,,,,,,,
IncreaseDecreaseInOtherOperatingAssets,-132000.000,,,,-165000.000,,,,387000.000,,,,,,,,,,,,,,,,
IncreaseDecreaseInOtherOperatingCapitalNet,34854000.000,,,,14817000.000,,,,24202000.000,,,,-21536000.000,,,,17358000.000,,,,9187000.000,,,,9489000.000
IncreaseDecreaseInRestrictedCashForOperatingActivities,,,,,,,,,,,,,,,,,7340000.000,,,,13888000.000,,,,
IncrementalCommonSharesAttributableToShareBasedPaymentArrangements,,81000.000,0.000,,101000.000,114000.000,104000.000,-275000.000,39000.000,54000.000,,,,,,,,,,,,,,,
InterestExpense,7961000.000,7960000.000,8667000.000,8638000.000,9163000.000,8979000.000,8738000.000,9064000.000,8960000.000,9048000.000,9221000.000,8838000.000,8820000.000,8557000.000,9330000.000,9879000.000,8521000.000,9631000.000,7830000.000,6672000.000,7948000.000,7971000.000,8614000.000,10857000.000,8129000.000
InterestExpenseDebt,,7000000.000,7700000.000,,8100000.000,8200000.000,8100000.000,8200000.000,8500000.000,8500000.000,8600000.000,8200000.000,8200000.000,7900000.000,8800000.000,9600000.000,8000000.000,9300000.000,7300000.000,6100000.000,7400000.000,7300000.000,7900000.000,9700000.000,6800000.000
InterestIncomeExpenseNet,,-6963000.000,-7673000.000,,-8094000.000,-8204000.000,-8090000.000,-8163000.000,-8450000.000,-8526000.000,-8579000.000,-8248000.000,-8221000.000,-7916000.000,-8801000.000,-9512000.000,-7962000.000,-9293000.000,-7349000.000,-6141000.000,-7357000.000,-7250000.000,-7874000.000,-9816000.000,-6766000.000
InvestmentIncomeInterest,,,,,,,,,,,,,,,,,,,,,591000.000,721000.000,740000.000,,1363000.000
MarketableSecuritiesRealizedGainLoss,,,,,,,,,,,,,-785000.000,-2259000.000,0.000,0.000,0.000,0.000,0.000,-14000.000,1754000.000,4502000.000,0.000,-8047000.000,0.000
MarketableSecuritiesRealizedGainLossExcludingOtherThanTemporaryImpairments,,,,,,505000.000,,,600000.000,337000.000,0.000,-37000.000,-300000.000,,,,,,,,1800000.000,,,,
MarketableSecuritiesRealizedGainLossOtherThanTemporaryImpairmentsAmount,30696000.000,,-23097000.000,,0.000,0.000,0.000,17998000.000,,,,,,,,,,,,,,,,,
NetCashProvidedByUsedInFinancingActivities,-115538000.000,,,,-112237000.000,,,,-241228000.000,,,,-19032000.000,,,,-50382000.000,,,,-74857000.000,,,,-9589000.000
NetCashProvidedByUsedInFinancingActivitiesContinuingOperations,-115538000.000,,,,-112237000.000,,,,-241228000.000,,,,-19032000.000,,,,-50382000.000,,,,-74857000.000,,,,-9589000.000
NetCashProvidedByUsedInInvestingActivities,-44812000.000,,,,-61150000.000,,,,-42167000.000,,,,13903000.000,,,,-52831000.000,,,,-196852000.000,,,,-99996000.000
NetCashProvidedByUsedInInvestingActivitiesContinuingOperations,-44812000.000,,,,-61150000.000,,,,-42167000.000,,,,13903000.000,,,,-52831000.000,,,,-196852000.000,,,,-99996000.000
NetCashProvidedByUsedInOperatingActivities,49359000.000,,,,84016000.000,,,,74018000.000,,,,77055000.000,,,,-45871000.000,,,,46994000.000,,,,91901000.000
NetCashProvidedByUsedInOperatingActivitiesContinuingOperations,49359000.000,,,,84016000.000,,,,74018000.000,,,,77055000.000,,,,-45871000.000,,,,46994000.000,,,,91901000.000
NetIncomeLoss,15615000.000,45803000.000,-5982000.000,61714000.000,31498000.000,52036000.000,94018000.000,-45439000.000,5162000.000,44881000.000,30349000.000,156473000.000,132524000.000,750349000.000,76560000.000,334410000.000,21026000.000,57993000.000,-230843000.000,51169000.000,37780000.000,60766000.000,33126000.000,36918000.000,
NetIncomeLossAttributableToNoncontrollingInterest,14000.000,-40000.000,16000.000,17000.000,70000.000,11000.000,-71000.000,64000.000,97000.000,253000.000,75000.000,55000.000,-219000.000,-499000.000,-121000.000,256000.000,774000.000,434000.000,287000.000,-60000.000,435000.000,433000.000,0.000,,0.000
NetIncomeLossAvailableToCommonStockholdersBasic,15154000.000,45573000.000,-6208000.000,61714000.000,31047000.000,51814000.000,93796000.000,-45439000.000,4718000.000,44675000.000,30144000.000,156473000.000,132098000.000,750137000.000,76351000.000,334410000.000,20606000.000,57782000.000,-230843000.000,51169000.000,37780000.000,60766000.000,33126000.000,36918000.000,21086000.000
NetIncomeLossAvailableToCommonStockholdersDiluted,,46987000.000,-3888000.000,,10830000.000,33970000.000,44742000.000,-41501000.000,6104000.000,44675000.000,56016000.000,80158000.000,128839000.000,361879000.000,81580000.000,330039000.000,20748000.000,56732000.000,-231337000.000,9361000.000,37271000.000,59966000.000,32697000.000,36599000.000,20884000.000
NonoperatingIncomeExpense,,-2591000.000,-29650000.000,,,,,,,,,,,,,,,,,,,,,,
NumberOfBusinessesAcquired,,3.000,,,,,,,,,,,,,,,,,,,,,,,
OperatingIncomeLoss,52003000.000,81093000.000,51961000.000,110901000.000,17469000.000,60353000.000,75921000.000,-9212000.000,23060000.000,93050000.000,81873000.000,147582000.000,79529000.000,94484000.000,81281000.000,152638000.000,46555000.000,88895000.000,-213723000.000,-2552000.000,51872000.000,74140000.000,68033000.000,109489000.000,29054000.000
OtherComprehensiveIncomeAmortizationOfDefinedBenefitPlanNetPriorServiceCostCreditRecognizedInNetPeriodicBenefitCostBeforeTax,,,,,451000.000,470000.000,469000.000,469000.000,437000.000,,,,,,,,,,,,,,,,
OtherComprehensiveIncomeAmortizationOfDefinedBenefitPlanNetPriorServiceCostRecognizedInNetPeriodicPensionCostNetOfTax,,,,,,,,,262000.000,,,,,,,,,,,,,,,,
OtherComprehensiveIncomeAmortizationOfDefinedBenefitPlanNetPriorServiceCostRecognizedInNetPeriodicPensionCostTax,,,,,,,,,,153000.000,,,,,,,,,,,,,,,
OtherComprehensiveIncomeAvailableForSaleSecuritiesAdjustmentBeforeTaxPeriodIncreaseDecrease,7210000.000,-22315000.000,-47237000.000,24633000.000,32315000.000,5818000.000,-5966000.000,18157000.000,48527000.000,,,,,,,,,,,,,,,,
OtherComprehensiveIncomeAvailableForSaleSecuritiesAdjustmentNetOfTaxPeriodIncreaseDecrease,,,,,,,,,29116000.000,,,,,,,,,,,,,,,,
OtherComprehensiveIncomeAvailableForSaleSecuritiesTax,,,,,,,,,-19411000.000,,,,,,,,,,,,,,,,
OtherComprehensiveIncomeDefinedBenefitPlansAdjustmentBeforeTaxPeriodIncreaseDecrease,-5207000.000,-593000.000,6109000.000,-18704000.000,1206000.000,2120000.000,2123000.000,83785000.000,-1591000.000,,,,,,,,,,,,,,,,
OtherComprehensiveIncomeDefinedBenefitPlansAdjustmentNetOfTaxPeriodIncreaseDecrease,,,,,,,,,-955000.000,,,,,,,,,,,,,,,,
OtherComprehensiveIncomeDefinedBenefitPlansTax,,,,,,,,,636000.000,,,,,,,,,,,,,,,,
OtherComprehensiveIncomeDerivativesQualifyingAsHedgesBeforeTaxPeriodIncreaseDecrease,,,,,,,,,30000.000,,,,,,,,,,,,,,,,
OtherComprehensiveIncomeDerivativesQualifyingAsHedgesNetOfTaxPeriodIncreaseDecrease,,,,,,,,,18000.000,,,,,,,,,,,,,,,,
OtherComprehensiveIncomeDerivativesQualifyingAsHedgesTaxEffectPeriodIncreaseDecrease,,,,,,,,,-12000.000,,,,,,,,,,,,,,,,
OtherComprehensiveIncomeFinalizationOfPensionAndNonPensionPostretirementPlanValuationBeforeTax,,,,,,,,,-3471000.000,,,,,,,,,,,,,,,,
OtherComprehensiveIncomeFinalizationOfPensionAndNonPensionPostretirementPlanValuationNetOfTax,,,,,,,,,-2083000.000,,,,,,,,,,,,,,,,
OtherComprehensiveIncomeFinalizationOfPensionAndNonPensionPostretirementPlanValuationTax,,,,,,,,,1388000.000,,,,0.000,,,,,,21000.000,,,,,,
OtherComprehensiveIncomeForeignCurrencyTransactionAndTranslationAdjustmentBeforeTaxPeriodIncreaseDecrease,7970000.000,5088000.000,-32969000.000,-1464000.000,8336000.000,-8903000.000,3912000.000,1389000.000,-4191000.000,,,,,,,,,,,,,,,,
OtherComprehensiveIncomeForeignCurrencyTransactionAndTranslationAdjustmentNetOfTaxPeriodIncreaseDecrease,,,,,,,,,-4191000.000,,,,,,,,,,,,,,,,
OtherComprehensiveIncomeForeignCurrencyTransactionAndTranslationGainLossArisingDuringPeriodNetOfTax,,,,,,,,,-4191000.000,-3509000.000,5639000.000,1002000.000,746000.000,1920000.000,-9777000.000,-8950000.000,-12088000.000,5249000.000,-10548000.000,-1511000.000,3845000.000,,,,
OtherComprehensiveIncomeForeignCurrencyTransactionAndTranslationGainLossBeforeReclassificationAndTax,,,,,7823000.000,-8911000.000,5321000.000,1389000.000,-4191000.000,-3509000.000,5639000.000,1002000.000,746000.000,1920000.000,-9777000.000,-8950000.000,-12088000.000,5249000.000,-10548000.000,-1511000.000,3845000.000,-5121000.000,-353000.000,-20520000.000,13668000.000
OtherComprehensiveIncomeForeignCurrencyTransactionAndTranslationReclassificationAdjustmentRealizedUponSaleOrLiquidationBeforeTax,,,,,-513000.000,-8000.000,1409000.000,0.000,0.000,,,,,,,,,,,,,,,,
OtherComprehensiveIncomeForeignCurrencyTransactionAndTranslationReclassificationAdjustmentRealizedUponSaleOrLiquidationNetOfTax,,,,,,,,,0.000,,,,,,,,,,,,,,,,
OtherComprehensiveIncomeForeignCurrencyTranslationAdjustmentTax,,,,,,,,,0.000,,,,,,,,,,,,,,,,
OtherComprehensiveIncomeForeignCurrencyTranslationGainLossArisingDuringPeriodTax,,,,,,,,,0.000,0.000,0.000,0.000,0.000,0.000,0.000,0.000,0.000,0.000,0.000,0.000,0.000,,,,
OtherComprehensiveIncomeForeignCurrencyTranslationReclassificationAdjustmentRealizedUponSaleOrLiquidationTax,,,,,,,,,0.000,,,,,,,,,,,,,,,,
OtherComprehensiveIncomeLossAmortizationAdjustmentFromAOCIPensionAndOtherPostretirementBenefitPlansForNetPriorServiceCostCreditBeforeTax,,,,,,,,,,,-384000.000,,-102000.000,-102000.000,-101000.000,-102000.000,69000.000,70000.000,68000.000,68000.000,104000.000,105000.000,105000.000,105000.000,120000.000
OtherComprehensiveIncomeLossAmortizationAdjustmentFromAOCIPensionAndOtherPostretirementBenefitPlansForNetPriorServiceCostCreditNetOfTax,,,,,,,,,,,-230000.000,,-62000.000,-61000.000,-60000.000,-61000.000,42000.000,42000.000,41000.000,40000.000,63000.000,,,,
OtherComprehensiveIncomeLossAmortizationAdjustmentFromAOCIPensionAndOtherPostretirementBenefitPlansForNetPriorServiceCostCreditTax,,,,,,,,,,,-154000.000,,-40000.000,-41000.000,-41000.000,-41000.000,27000.000,28000.000,27000.000,28000.000,41000.000,,,,
OtherComprehensiveIncomeLossAmortizationPensionAndOtherPostretirementBenefitPlansNetPriorServiceCostRecognizedInNetPeriodicBenefitCostBeforeTax,,,,,,,,,,384000.000,,,,,,,,,,,,,,,
OtherComprehensiveIncomeLossAmortizationPensionAndOtherPostretirementBenefitPlansNetPriorServiceCostRecognizedInNetPeriodicPensionCostNetOfTax,,,,,,,,,,231000.000,,,,,,,,,,,,,,,
OtherComprehensiveIncomeLossAmortizationPensionAndOtherPostretirementBenefitPlansNetPriorServiceCostRecognizedInNetPeriodicPensionCostTaxEffect,,,,,,,,,175000.000,,,,,,,,,,,,,,,,
OtherComprehensiveIncomeLossAvailableForSaleSecuritiesAdjustmentBeforeTax,,,,,,,,,,31090000.000,938000.000,,28523000.000,-257392000.000,9734000.000,16580000.000,-8878000.000,-11455000.000,3836000.000,27113000.000,-1411000.000,-9809000.000,12154000.000,56452000.000,9558000.000
OtherComprehensiveIncomeLossAvailableForSaleSecuritiesAdjustmentNetOfTax,,,,,,,,,,18654000.000,563000.000,,17113000.000,-154434000.000,,,-5326000.000,-6873000.000,,,-847000.000,,,,
OtherComprehensiveIncomeLossAvailableForSaleSecuritiesTax,,,,,,,,,,12436000.000,375000.000,,11410000.000,-102958000.000,,,-3552000.000,-4582000.000,,,-564000.000,,,,
OtherComprehensiveIncomeLossBeforeReclassificationsNetOfTax,,,,,,,,,,,,,17364000.000,,,,-17385000.000,,,,4051000.000,,,,
OtherComprehensiveIncomeLossBeforeTax,,,,,,,,,,29415000.000,8212000.000,,22157000.000,-262760000.000,-7339000.000,-151104000.000,-20130000.000,-5992000.000,-4840000.000,-191440000.000,2828000.000,-14536000.000,12244000.000,-115965000.000,21399000.000
OtherComprehensiveIncomeLossBeforeTaxPeriodIncreaseDecrease,40669000.000,-17820000.000,-50521000.000,4001000.000,41822000.000,-2307000.000,286000.000,102910000.000,42775000.000,,,,,,,,,,,,,,,,
OtherComprehensiveIncomeLossDerivativesQualifyingAsHedgesBeforeTax,,,,,,,,,,214000.000,15000.000,,172000.000,239000.000,230000.000,226000.000,179000.000,0.000,0.000,0.000,0.000,0.000,49000.000,-383000.000,-124000.000
OtherComprehensiveIncomeLossDerivativesQualifyingAsHedgesNetOfTax,,,,,,,,,,128000.000,9000.000,,103000.000,144000.000,138000.000,135000.000,108000.000,0.000,0.000,0.000,0.000,,,,
OtherComprehensiveIncomeLossDerivativesQualifyingAsHedgesTax,,,,,,,,,,86000.000,6000.000,,69000.000,95000.000,92000.000,91000.000,71000.000,0.000,0.000,0.000,0.000,,,,
OtherComprehensiveIncomeLossFinalizationOfPensionAndNonPensionPostretirementPlanValuationBeforeTax,,,,,,,,,,0.000,0.000,,0.000,0.000,0.000,8000.000,,,51000.000,,,,0.000,,
OtherComprehensiveIncomeLossFinalizationOfPensionAndNonPensionPostretirementPlanValuationNetOfTax,,,,,,,,,,,,,0.000,,,,,,30000.000,,,,,,
OtherComprehensiveIncomeLossForeignCurrencyTransactionAndTranslationAdjustmentBeforeTax,,,,,,,,,,-3509000.000,5639000.000,,,,,,-12129000.000,4765000.000,-4522000.000,-1511000.000,3845000.000,-5121000.000,-353000.000,-20520000.000,
OtherComprehensiveIncomeLossForeignCurrencyTransactionAndTranslationAdjustmentNetOfTax,,,,,,,,,,-3509000.000,5639000.000,,,,,,-12129000.000,4765000.000,-4522000.000,-1511000.000,3845000.000,,,,
OtherComprehensiveIncomeLossForeignCurrencyTransactionAndTranslationReclassificationAdjustmentFromAOCIRealizedUponSaleOrLiquidationBeforeTax,,,,,,,,,,,0.000,,,,,,41000.000,484000.000,-6026000.000,0.000,0.000,0.000,0.000,0.000,
OtherComprehensiveIncomeLossForeignCurrencyTransactionAndTranslationReclassificationAdjustmentFromAOCIRealizedUponSaleOrLiquidationNetOfTax,,,,,,,,,,,0.000,,,,,,41000.000,484000.000,-6026000.000,0.000,0.000,,,,
OtherComprehensiveIncomeLossForeignCurrencyTransactionAndTranslationReclassificationAdjustmentFromAOCIRealizedUponSaleOrLiquidationTax,,,,,,,,,,,0.000,,,,,,0.000,0.000,0.000,0.000,0.000,,,,
OtherComprehensiveIncomeLossForeignCurrencyTransactionAndTranslationReclassificationAdjustmentRealizedUponSaleOrLiquidationBeforeTax,,,,,,,,,,0.000,,,,,,,,,,,,,,,
OtherComprehensiveIncomeLossForeignCurrencyTransactionAndTranslationReclassificationAdjustmentRealizedUponSaleOrLiquidationNetOfTax,,,,,,,,,,0.000,,,,,,,,,,,,,,,
OtherComprehensiveIncomeLossForeignCurrencyTranslationAdjustmentTax,,,,,,,,,,0.000,0.000,,,,,,0.000,0.000,0.000,0.000,0.000,,,,
OtherComprehensiveIncomeLossForeignCurrencyTranslationReclassificationAdjustmentRealizedUponSaleOrLiquidationTax,,,,,,,,,,0.000,,,,,,,,,,,,,,,
OtherComprehensiveIncomeLossNetOfTax,,,,,,,,,,16245000.000,7184000.000,,13591000.000,-156886000.000,-8314000.000,-94405000.000,-16928000.000,-1689000.000,-4713000.000,-115470000.000,3235000.000,-10770000.000,7205000.000,-77864000.000,18282000.000
OtherComprehensiveIncomeLossNetOfTaxPeriodIncreaseDecrease,25300000.000,-8720000.000,-35205000.000,1815000.000,28429000.000,-4945000.000,1737000.000,62304000.000,23988000.000,,,,,,,,,,,,,,,,
OtherComprehensiveIncomeLossNetOfTaxPortionAttributableToParent,40894000.000,37040000.000,-41225000.000,63512000.000,59907000.000,47085000.000,95760000.000,16857000.000,29129000.000,61125000.000,37533000.000,555695000.000,146115000.000,593463000.000,68246000.000,240005000.000,4098000.000,56304000.000,-235556000.000,-64301000.000,41015000.000,49996000.000,40331000.000,,
OtherComprehensiveIncomeLossPensionAndOtherPostretirementBenefitPlansAdjustmentBeforeTax,,,,,,,,,,-1620000.000,-1620000.000,,7284000.000,7527000.000,7526000.000,158556000.000,-698000.000,-698000.000,4154000.000,217042000.000,-394000.000,-394000.000,-394000.000,151514000.000,1703000.000
OtherComprehensiveIncomeLossPensionAndOtherPostretirementBenefitPlansAdjustmentNetOfTax,,,,,,,,,,-972000.000,-973000.000,,4371000.000,4516000.000,4515000.000,95134000.000,-419000.000,-419000.000,2492000.000,130227000.000,-237000.000,,,,
OtherComprehensiveIncomeLossPensionAndOtherPostretirementBenefitPlansTax,,,,,,,,,,-648000.000,-647000.000,,2913000.000,3011000.000,3011000.000,63422000.000,-279000.000,-279000.000,1662000.000,86815000.000,-157000.000,,,,
OtherComprehensiveIncomeLossReclassificationAdjustmentForSaleOfSecuritiesIncludedInNetIncomeBeforeTax,,,,,,,,,,-333000.000,,,,,,,,,,,,,,,
OtherComprehensiveIncomeLossReclassificationAdjustmentForSaleOfSecuritiesIncludedInNetIncomeNetOfTax,,,,,,,,,,-200000.000,,,,,,,,,,,,,,,
OtherComprehensiveIncomeLossReclassificationAdjustmentForSaleOfSecuritiesIncludedInNetIncomeTax,,,,,,,,,,-133000.000,,,,,,,,,,,,,,,
OtherComprehensiveIncomeLossReclassificationAdjustmentFromAOCIForSaleOfSecuritiesBeforeTax,,,,,,,,,,,0.000,,-785000.000,,,,,,,,1754000.000,4502000.000,0.000,,0.000
OtherComprehensiveIncomeLossReclassificationAdjustmentFromAOCIForSaleOfSecuritiesNetOfTax,,,,,,,,,,,,,-471000.000,,,,,,,,1053000.000,,,,
OtherComprehensiveIncomeLossReclassificationAdjustmentFromAOCIForSaleOfSecuritiesTax,,,,,,,,,,,,,-314000.000,,,,,,,,701000.000,,,,
OtherComprehensiveIncomeLossReclassificationAdjustmentFromAOCIPensionAndOtherPostretirementBenefitPlansForNetGainLossBeforeTax,,,,,,,,,,,-2004000.000,,7182000.000,7425000.000,7425000.000,7380000.000,-629000.000,-628000.000,5676000.000,5487000.000,-290000.000,-289000.000,-289000.000,-289000.000,1823000.000
OtherComprehensiveIncomeLossReclassificationAdjustmentFromAOCIPensionAndOtherPostretirementBenefitPlansForNetGainLossNetOfTax,,,,,,,,,,,-1203000.000,,4309000.000,4455000.000,4455000.000,4428000.000,-377000.000,-377000.000,3405000.000,3293000.000,-174000.000,,,,
OtherComprehensiveIncomeLossReclassificationAdjustmentFromAOCIPensionAndOtherPostretirementBenefitPlansForNetGainLossTax,,,,,,,,,,,-801000.000,,2873000.000,2970000.000,2970000.000,2952000.000,-252000.000,-251000.000,2271000.000,2194000.000,-116000.000,,,,
OtherComprehensiveIncomeLossReclassificationPensionAndOtherPostretirementBenefitPlansNetGainLossRecognizedInNetPeriodicBenefitCostTax,,,,,,,,,,801000.000,,,,,,,,,,,,,,,
OtherComprehensiveIncomeLossTax,15369000.000,-9100000.000,-15316000.000,2186000.000,13393000.000,2638000.000,-1451000.000,40606000.000,18787000.000,13170000.000,1028000.000,265487000.000,8566000.000,-105874000.000,975000.000,-56699000.000,-3202000.000,-4303000.000,-127000.000,-75970000.000,-407000.000,-3766000.000,5039000.000,-38101000.000,3117000.000
OtherComprehensiveIncomeReclassificationAdjustmentForSaleOfSecuritiesIncludedInNetIncomeBeforeTax,,,,,,,,,-551000.000,,,,,,,,,,,,,,,,
OtherComprehensiveIncomeReclassificationAdjustmentForSaleOfSecuritiesIncludedInNetIncomeNetOfTax,,,,,,,,,-331000.000,,,,,,,,,,,,,,,,
OtherComprehensiveIncomeReclassificationAdjustmentForSaleOfSecuritiesIncludedInNetIncomeTax,,,,,,,,,-220000.000,,,,,,,,,,,,,,,,
OtherComprehensiveIncomeReclassificationAdjustmentForWriteDownOfSecuritiesIncludedInNetIncomeBeforeTax,30696000.000,,23097000.000,,0.000,,,,,,,,,,,,,,,,,,,,
OtherComprehensiveIncomeReclassificationAdjustmentOnDerivativesIncludedInNetIncomeNetOfTax,,,,,,,,,112000.000,,,,,,,,,,,,,,,,
OtherComprehensiveIncomeReclassificationOfDefinedBenefitPlansNetGainLossRecognizedInNetPeriodicBenefitCostBeforeTax,,,,,-1657000.000,-2590000.000,-2592000.000,-2529000.000,-2317000.000,2004000.000,,,,,,,,,,,,,,,
OtherComprehensiveIncomeReclassificationOfDefinedBenefitPlansNetGainLossRecognizedInNetPeriodicBenefitCostNetOfTax,,,,,,,,,-1390000.000,1203000.000,,,,,,,,,,,,,,,
OtherComprehensiveIncomeReclassificationOfDefinedBenefitPlansNetGainLossRecognizedInNetPeriodicBenefitCostTax,,,,,,,,,927000.000,,,,,,,,,,,,,,,,
OtherComprehensiveIncomeUnrealizedGainLossOnDerivativesArisingDuringPeriodBeforeTax,,,479000.000,,-35000.000,-1342000.000,217000.000,-421000.000,,,,,,,,,,,,,,,,,
OtherComprehensiveIncomeUnrealizedGainLossOnDerivativesArisingDuringPeriodNetOfTax,,,,,,,,,-94000.000,,,,,,,,,,,,,,,,
OtherComprehensiveIncomeUnrealizedHoldingGainLossOnSecuritiesArisingDuringPeriodBeforeTax,,,,,-32315000.000,-6590000.000,5966000.000,-159000.000,-49078000.000,31423000.000,938000.000,112346000.000,27738000.000,8667000.000,9734000.000,16580000.000,-8878000.000,-11455000.000,3836000.000,27117000.000,343000.000,-5307000.000,12154000.000,48317000.000,9558000.000
OtherComprehensiveIncomeUnrealizedHoldingGainLossOnSecuritiesArisingDuringPeriodNetOfTax,,,,,,,,,-29447000.000,18854000.000,563000.000,67408000.000,16642000.000,5201000.000,5840000.000,9948000.000,-5326000.000,-6873000.000,2301000.000,16270000.000,206000.000,,,,
OtherComprehensiveIncomeUnrealizedHoldingGainLossOnSecuritiesArisingDuringPeriodTax,,,,,,,,,-19631000.000,12569000.000,375000.000,44938000.000,11096000.000,3466000.000,3894000.000,6632000.000,-3552000.000,-4582000.000,1535000.000,10847000.000,137000.000,,,,
OtherInterestAndDividendIncome,982000.000,997000.000,994000.000,1174000.000,1069000.000,775000.000,648000.000,901000.000,510000.000,522000.000,642000.000,590000.000,599000.000,641000.000,529000.000,367000.000,559000.000,338000.000,481000.000,531000.000,,,,,
OtherNonoperatingGainsLosses,,27000.000,385000.000,,111000.000,-179000.000,1164000.000,1675000.000,710000.000,-574000.000,206000.000,1488000.000,1351000.000,731000.000,-159000.000,-602000.000,-250000.000,325000.000,-1233000.000,394000.000,-146000.000,1278000.000,572000.000,-329000.000,-537000.000
OtherNonoperatingIncomeExpense,-24032000.000,-2591000.000,-29650000.000,1073000.000,8588000.000,-1160000.000,4163000.000,-17047000.000,-4083000.000,-12858000.000,8110000.000,-14920000.000,133273000.000,268114000.000,64526000.000,387346000.000,-1105000.000,11678000.000,-40458000.000,21262000.000,15096000.000,19000000.000,-18225000.000,-28513000.000,849000.000
OtherOperatingActivitiesCashFlowStatement,,,,,,,,,,,,,145000.000,,,,272000.000,,,,169000.000,,,,103000.000
OtherSalesRevenueNet,31076000.000,34337000.000,34059000.000,39312000.000,33095000.000,39143000.000,42923000.000,42662000.000,46433000.000,59166000.000,81281000.000,1498000.000,45012000.000,61249000.000,90209000.000,88656000.000,83922000.000,90467000.000,90847000.000,113549000.000,132576000.000,138888000.000,148171000.000,152830000.000,145626000.000
ParticipatingSecuritiesDistributedAndUndistributedEarnings,,,190000.000,,501000.000,670000.000,888000.000,1198000.000,160000.000,1159000.000,1444000.000,,,,,,,,,,,,,,
PaymentsForProceedsFromInvestments,,,,,23003000.000,,,,8623000.000,,,,101241000.000,,,,905000.000,,,,,,,,
PaymentsForProceedsFromOtherInvestingActivities,-269000.000,,,,-1571000.000,,,,18000.000,,,,0.000,,,,,,,,,,,,
PaymentsForRepurchaseOfCommonStock,121395000.000,,,,136000.000,,,,4196000.000,,,,0.000,,,,,,,,81346000.000,,,,395000.000
PaymentsOfDividendsCommonStock,19390000.000,,,,18889000.000,,,,222000.000,,,,,,,,,,,,,,,,
PaymentsOfOrdinaryDividends,,,,,,,,,,,,,19051000.000,,,,15645000.000,,,,6938000.000,,,,7102000.000
PaymentsToAcquireAvailableForSaleSecuritiesEquity,,,,,,,,,,,,,,,,,,,,,,,,,0.000
PaymentsToAcquireBusinessesNetOfCashAcquired,9673000.000,,,,2545000.000,,,,700000.000,,,,5608000.000,,,,0.000,,,,198179000.000,,,,85415000.000
PaymentsToAcquireMarketableSecurities,,,,,,,,,,,,,0.000,,,,0.000,,,,,,,,
PaymentsToAcquirePropertyPlantAndEquipment,39275000.000,,,,44875000.000,,,,36462000.000,,,,36562000.000,,,,47595000.000,,,,10690000.000,,,,15664000.000
PensionExpense,,1458000.000,,,,,,,,,,,,,,,,,,,,,,,
ProceedsFromDivestitureOfBusinesses,,,,,1875000.000,,,,,,,,,,,,,,,,,,,,
ProceedsFromEquityMethodInvestmentDividendsOrDistributionsReturnOfCapital,,,,,,,,,,,,,,,,,,,,,,,,,200000.000
ProceedsFromPaymentsForOtherFinancingActivities,25247000.000,,,,16459000.000,,,,3311000.000,,,,19000.000,,,,4606000.000,,,,13427000.000,,,,-2092000.000
ProceedsFromRepaymentsOfCommercialPaper,,,,,-109671000.000,,,,,,,,,,,,,,,,,,,,
ProceedsFromRepaymentsOfDebt,,,,,,,,,,,,,,,,,-39343000.000,,,,0.000,,,,
ProceedsFromRepaymentsOfShortTermDebt,,,,,,,,,,,,,0.000,,,,,,,,,,,,
ProceedsFromSaleOfAvailableForSaleSecuritiesEquity,,,,,,,,,,,,,,,,,,,,,4392000.000,,,,0.000
ProceedsFromSaleOfPropertyPlantAndEquipment,3867000.000,,,,5827000.000,,,,,,,,158000000.000,,,,,,,,,,,,
ProfitLoss,15629000.000,45763000.000,-5966000.000,61731000.000,31568000.000,52047000.000,93947000.000,-45375000.000,5259000.000,45134000.000,30424000.000,156528000.000,132305000.000,749850000.000,76439000.000,334666000.000,21800000.000,58427000.000,-230556000.000,51109000.000,38215000.000,61199000.000,33126000.000,36918000.000,21086000.000
ReclassificationFromAccumulatedOtherComprehensiveIncomeCurrentPeriodNetOfTax,,,,,,,,,,,,,3773000.000,,,,-457000.000,,,,816000.000,,,,
RedeemablePreferredStockDividends,461000.000,230000.000,226000.000,0.000,451000.000,222000.000,222000.000,0.000,444000.000,206000.000,205000.000,0.000,426000.000,212000.000,209000.000,0.000,420000.000,211000.000,0.000,0.000,0.000,0.000,0.000,0.000,
Revenues,1063612000.000,1072997000.000,1032640000.000,1045584000.000,972476000.000,1006919000.000,1011334000.000,1026924000.000,959105000.000,1021851000.000,902479000.000,604429000.000,840561000.000,878628000.000,898871000.000,917106000.000,846148000.000,879571000.000,641432000.000,218963000.000,601740000.000,628933000.000,621638000.000,629579000.000,582717000.000
SalesRevenueNet,1063612000.000,1072997000.000,1032640000.000,1045584000.000,972476000.000,1006919000.000,1011334000.000,1026924000.000,959105000.000,1021851000.000,902479000.000,604429000.000,840561000.000,878628000.000,898871000.000,917106000.000,846148000.000,879571000.000,641432000.000,218963000.000,601740000.000,628933000.000,621638000.000,629579000.000,582717000.000
SellingGeneralAndAdministrativeExpense,458681000.000,420956000.000,393508000.000,378907000.000,417370000.000,408497000.000,382961000.000,382820000.000,414556000.000,392294000.000,331247000.000,189225000.000,325637000.000,322714000.000,358189000.000,319018000.000,353202000.000,334218000.000,285563000.000,131180000.000,235213000.000,236437000.000,237694000.000,195173000.000,231509000.000
ShareBasedCompensation,,,,,,,,,,,,,,,,,,,,,3254000.000,,,,2866000.000
SubscriptionRevenue,,,,,,,,,,,190302000.000,,191128000.000,187723000.000,183161000.000,184035000.000,187597000.000,188022000.000,,,,,,,
UndistributedEarnings,,,,,,,,,,,,,93351000.000,354853000.000,68558000.000,336718000.000,-9480000.000,42298000.000,-237958000.000,8594000.000,24022000.000,53991000.000,26330000.000,36922000.000,6884000.000
UndistributedEarningsAllocatedToParticipatingSecurities,,480000.000,,,,,,,,,,,,,,,,,,,,,,,
WeightedAverageNumberOfDilutedSharesOutstanding,8119000.000,7933000.000,7802000.000,-15949000.000,7615000.000,7545000.000,7376000.000,-15132000.000,7266000.000,7283000.000,7337000.000,-14636000.000,7301000.000,7308000.000,5696000.000,-13808000.000,5737000.000,5750000.000,5738000.000,-11498000.000,5652000.000,5574000.000,5574000.000,-11211000.000,5569000.000
WeightedAverageNumberOfSharesOutstandingBasic,8046000.000,7852000.000,7802000.000,-15874000.000,7514000.000,7431000.000,7272000.000,-14857000.000,7227000.000,7229000.000,7231000.000,-14449000.000,7275000.000,7284000.000,5671000.000,-13760000.000,5704000.000,5720000.000,5738000.000,-11435000.000,5623000.000,5544000.000,5544000.000,-11152000.000,5535000.000
