,2011-03-31,2011-06-30,2011-09-30,2011-12-31,2012-03-31,2012-06-30,2012-09-30,2012-12-31,2013-03-31,2013-06-30,2013-09-30,2013-12-31,2014-03-31,2014-06-30,2014-09-30,2014-12-31,2015-03-31,2015-06-30,2015-09-30,2015-12-31,2016-03-31,2016-06-30,2016-09-30,2016-12-31,2017-03-31
AmortizationOfAcquiredIntangibleAssets,,,,,1179000.000,1179000.000,1179000.000,1181000.000,1179000.000,,,,,,,,,,,,,,,,
AmortizationOfDebtDiscountPremium,,,,,,,,,,,,,,,,,490000.000,,,,522000.000,,,,715000.000
AmortizationOfIntangibleAssets,875000.000,875000.000,875000.000,875000.000,,,,,,1190000.000,1273000.000,,1461000.000,1551000.000,1524000.000,1382000.000,1150000.000,592000.000,816000.000,892000.000,,,,,
AntidilutiveSecuritiesExcludedFromComputationOfEarningsPerShareAmount,,,6160000.000,,7218000.000,6337000.000,6038000.000,-13684000.000,7204000.000,7007000.000,6852000.000,-14268000.000,7615000.000,7382000.000,7141.000,-8308141.000,7296000.000,6866000.000,6868000.000,-21023345.000,7598.000,6084000.000,7238.000,-697836.000,5539000.000
AssetImpairmentCharges,,,,,,,,,,500000.000,,,,,,,,,,,,,,,
AssetRetirementObligationPeriodIncreaseDecrease,,,,,,,,,,,1600000.000,,,,,,,,,,,,,,
CapitalLeaseObligationsIncurred,9258000.000,,,,7406000.000,,,,9528000.000,,,,5955000.000,,,,1166000.000,,,,4056000.000,,,,290000.000
CapitalizedComputerSoftwareImpairments,,,,,,300000.000,,,,,,,,,,,,,,,,,,,
CashAcquiredFromAcquisition,,,,,,,,,,,,,74000.000,,,,,,,,,,,,
CashAndCashEquivalentsPeriodIncreaseDecrease,-13284000.000,,,,1077000.000,,,,5999000.000,,,,-9816000.000,,,,-3865000.000,,,,-3874000.000,,,,-1215000.000
ComprehensiveIncomeNetOfTax,-1300000.000,,,,192000.000,-2111000.000,-2229000.000,-86000.000,-2355000.000,-3950000.000,-3756000.000,-11010000.000,-10563000.000,-11407000.000,-9300000.000,-8691000.000,-11155000.000,-12315000.000,-14293000.000,-11538000.000,-8751000.000,-10420000.000,-91070000.000,-13212000.000,-8072000.000
CostsAndExpenses,60292000.000,62081000.000,62439000.000,63739000.000,65320000.000,68596000.000,68213000.000,67699000.000,68879000.000,71082000.000,70926000.000,79942000.000,86498000.000,88582000.000,87702000.000,86516000.000,84905000.000,86270000.000,87503000.000,85510000.000,78125000.000,76789000.000,157338000.000,79115000.000,71641000.000
DeferredIncomeTaxExpenseBenefit,-45000.000,,,,,,,,137000.000,,,,-658000.000,,,,54000.000,,,,77000.000,,,,254000.000
DepreciationAndAmortization,8053000.000,8768000.000,9647000.000,10458000.000,7915000.000,8664000.000,9885000.000,9683000.000,10258000.000,11554000.000,12264000.000,14105000.000,17465000.000,17917000.000,19391000.000,20478000.000,19058000.000,21974000.000,23815000.000,24358000.000,19113000.000,19217000.000,19597000.000,15973000.000,
DepreciationDepletionAndAmortization,8928000.000,,,,9094000.000,,,,11437000.000,,,,18926000.000,,,,20208000.000,,,,19113000.000,,,,17745000.000
DirectOperatingCosts,,,30787000.000,,31154000.000,32641000.000,33573000.000,33586000.000,32870000.000,32653000.000,32795000.000,,,,,,,,,,,,,,
EarningsPerShareBasicAndDiluted,-0.030,-0.050,-0.040,0.090,0.000,-0.040,-0.050,0.000,-0.030,-0.070,-0.080,-0.210,0.210,0.220,-0.180,-1.020,-0.200,-0.240,-0.270,-0.220,-0.190,-0.210,-1.750,-0.230,-0.130
EffectOfExchangeRateOnCashAndCashEquivalents,30000.000,,,,116000.000,,,,-218000.000,,,,-86000.000,,,,-80000.000,,,,-74000.000,,,,15000.000
EmployeeServiceShareBasedCompensationAllocationOfRecognizedPeriodCostsCapitalizedAmount,104000.000,,,,131000.000,,,,97000.000,,,,97000.000,,,,,,,,,,,,
FeesAndCommissions,,,,,,,,,,,,,,,,,,,,,1700000.000,,,,
ForeignCurrencyTransactionGainLossBeforeTax,,,,,,,,,,,,,,,,,,,,,-433000.000,,,,-97000.000
GainLossOnSaleOfPropertyPlantEquipment,-73000.000,-11000.000,47000.000,0.000,16000.000,4000.000,,,-3000.000,2000.000,-4000.000,-4000.000,,-32000.000,,,,,,,,,,,
GeneralAndAdministrativeExpense,9129000.000,7449000.000,8333000.000,9041000.000,10227000.000,10676000.000,8985000.000,8747000.000,9686000.000,9555000.000,8740000.000,14778000.000,11398000.000,11429000.000,11611000.000,9464000.000,11685000.000,11818000.000,10793000.000,8873000.000,,,,,
GoodwillImpairmentLoss,,,,,,,,,,,,,,,,,,,,,,,78169000.000,,
IncomeLossFromContinuingOperationsBeforeIncomeTaxesMinorityInterestAndIncomeLossFromEquityMethodInvestments,-1574000.000,-2594000.000,-1611000.000,-2010000.000,82000.000,-1917000.000,-2198000.000,-52000.000,-1732000.000,-4052000.000,-3850000.000,-10694000.000,-11129000.000,-11702000.000,-9585000.000,-8698000.000,-10454000.000,-12718000.000,-15820000.000,-13311000.000,-9542000.000,-10672000.000,-91246000.000,-12922000.000,-7742000.000
IncomeLossFromEquityMethodInvestments,,,,,,99000.000,37000.000,,26000.000,62000.000,69000.000,56000.000,37000.000,80000.000,80000.000,62000.000,39000.000,47000.000,11000.000,103000.000,36000.000,41000.000,44000.000,49000.000,30000.000
IncomeTaxExpenseBenefit,73000.000,106000.000,275000.000,-6066000.000,35000.000,179000.000,289000.000,-50000.000,-63000.000,-288000.000,254000.000,-188000.000,-417000.000,-437000.000,-128000.000,-379000.000,27000.000,-137000.000,-1612000.000,-1938000.000,138000.000,62000.000,95000.000,235000.000,518000.000
IncomeTaxesPaid,142000.000,,,,20000.000,,,,,,,,,,,,,,,,,,,,
IncreaseDecreaseInAccountsPayable,-6973000.000,,,,5505000.000,,,,-4051000.000,,,,1890000.000,,,,-7652000.000,,,,-1815000.000,,,,-2247000.000
IncreaseDecreaseInAccountsReceivable,-963000.000,,,,-575000.000,,,,255000.000,,,,-936000.000,,,,1724000.000,,,,-537000.000,,,,-2096000.000
IncreaseDecreaseInAccruedLiabilitiesAndOtherOperatingLiabilities,-1086000.000,,,,1323000.000,,,,-831000.000,,,,439000.000,,,,-903000.000,,,,-1903000.000,,,,-180000.000
IncreaseDecreaseInAssetRetirementObligations,,,,,,,,,,,,,,,,,,,,,-174000.000,,,,52000.000
IncreaseDecreaseInDeferredRevenue,-130000.000,,,,134000.000,,,,-371000.000,,,,394000.000,,,,-256000.000,,,,191000.000,,,,-510000.000
IncreaseDecreaseInOtherOperatingLiabilities,,,,,,,,,,,,,4000.000,,,,17000.000,,,,-43000.000,,,,14000.000
IncreaseDecreaseInRestructuringReserve,-497000.000,,,,-661000.000,,,,-737000.000,,,,-764000.000,,,,-663000.000,,,,-804000.000,,,,-1386000.000
InterestExpense,648000.000,875000.000,1166000.000,1012000.000,1581000.000,1754000.000,1996000.000,2235000.000,2421000.000,2474000.000,2429000.000,4022000.000,6491000.000,6806000.000,6699000.000,6746000.000,6865000.000,6825000.000,6923000.000,,,,,,
InterestPaid,,,,,901000.000,,,,2342000.000,,,,5831000.000,,,,6450000.000,,,,6540000.000,,,,7336000.000
InterestPaidNet,907000.000,,,,,,,,,,,,,,,,,,,,,,,,
InvestmentIncomeInterest,0.000,,,,,,,,,,,,,,,,,,,,,,,,
InvestmentIncomeInvestmentExpense,,,,,,,,,,,,,,,,,,,,,6985000.000,8082000.000,7878000.000,7964000.000,8137000.000
LitigationSettlementExpense,,,,,,,,,500000.000,,,,,,,,,,,,,,,,
NetCashProvidedByUsedInFinancingActivities,-759000.000,,,,-740000.000,,,,7546000.000,,,,2484000.000,,,,13424000.000,,,,-1901000.000,,,,-2505000.000
NetCashProvidedByUsedInFinancingActivitiesContinuingOperations,-759000.000,,,,-740000.000,,,,7546000.000,,,,2484000.000,,,,13424000.000,,,,-1901000.000,,,,-2505000.000
NetCashProvidedByUsedInInvestingActivities,-12646000.000,,,,-16824000.000,,,,-7438000.000,,,,-25419000.000,,,,-15702000.000,,,,-12681000.000,,,,-5989000.000
NetCashProvidedByUsedInInvestingActivitiesContinuingOperations,-12646000.000,,,,-16824000.000,,,,-7438000.000,,,,-25419000.000,,,,-15702000.000,,,,-12681000.000,,,,-5989000.000
NetCashProvidedByUsedInOperatingActivities,91000.000,,,,18525000.000,,,,6109000.000,,,,13205000.000,,,,-1507000.000,,,,10782000.000,,,,7264000.000
NetCashProvidedByUsedInOperatingActivitiesContinuingOperations,91000.000,,,,18525000.000,,,,6109000.000,,,,13205000.000,,,,-1507000.000,,,,10782000.000,,,,7264000.000
NetIncomeLoss,-1500000.000,-2612000.000,-1788000.000,4198000.000,107000.000,-1997000.000,-2450000.000,22000.000,-1643000.000,-3702000.000,-4035000.000,-10450000.000,-10675000.000,-11185000.000,-9377000.000,-8257000.000,-10442000.000,-12534000.000,-14197000.000,-11270000.000,-9644000.000,-10693000.000,-91297000.000,-13108000.000,-8230000.000
NetIncomeLossAvailableToCommonStockholdersBasic,,,-1788000.000,,107000.000,-1997000.000,-2450000.000,,-1643000.000,-3702000.000,-4035000.000,,,,,,,,,,,,,,
NonoperatingIncomeExpense,-686000.000,-923000.000,-1186000.000,-1071000.000,-1626000.000,-2008000.000,-2114000.000,-2101000.000,-2552000.000,-2953000.000,-2496000.000,-4840000.000,-6592000.000,-7188000.000,-6550000.000,-6445000.000,-6335000.000,-6880000.000,-6635000.000,-6558000.000,-7341000.000,-8198000.000,-7848000.000,-7925000.000,-8234000.000
OperatingIncomeLoss,-888000.000,-1671000.000,-425000.000,-939000.000,1708000.000,91000.000,-84000.000,2049000.000,820000.000,-1099000.000,-1354000.000,-5854000.000,-4537000.000,-4514000.000,-3035000.000,-2253000.000,-4119000.000,-5838000.000,-9185000.000,-6753000.000,-2201000.000,-2474000.000,-83398000.000,-4997000.000,492000.000
OtherComprehensiveIncomeForeignCurrencyTransactionAndTranslationAdjustmentNetOfTaxPeriodIncreaseDecrease,200000.000,,,,85000.000,,,,,,,,,,,,,,,,,,,,
OtherComprehensiveIncomeForeignCurrencyTransactionAndTranslationAdjustmentNetOfTaxPortionAttributableToParent,,,,,,-114000.000,221000.000,,-663000.000,-243000.000,429000.000,13000.000,63000.000,107000.000,-264000.000,-337000.000,-142000.000,-16000.000,49000.000,,108000.000,9000.000,122000.000,-278000.000,73000.000
OtherComprehensiveIncomeForeignCurrencyTransactionAndTranslationGainLossArisingDuringPeriodNetOfTax,,,,,,,,,,,,,,,,,-355000.000,168000.000,-192000.000,-366000.000,638000.000,75000.000,-93000.000,-20000.000,85000.000
OtherComprehensiveIncomeLossNetOfTaxPortionAttributableToParent,,,,,,,,,-712000.000,-248000.000,279000.000,-560000.000,112000.000,-222000.000,77000.000,-434000.000,-713000.000,219000.000,-96000.000,-268000.000,893000.000,273000.000,227000.000,-104000.000,158000.000
OtherComprehensiveIncomeUnrealizedGainLossOnDerivativesArisingDuringPeriodNetOfTax,,,,,,,,,-49000.000,-5000.000,-150000.000,-573000.000,49000.000,-329000.000,341000.000,-97000.000,-216000.000,67000.000,47000.000,186000.000,147000.000,189000.000,198000.000,194000.000,
OtherCostAndExpenseOperating,,,31529000.000,,34123000.000,35310000.000,34516000.000,33503000.000,35761000.000,37746000.000,37857000.000,,,,,,,,,,,,,,27504000.000
OtherNoncashIncomeExpense,-156000.000,,,,-461000.000,,,,2000.000,,,,-546000.000,,,,242000.000,,,,-202000.000,,,,96000.000
OtherNonoperatingIncomeExpense,-38000.000,-48000.000,-20000.000,-59000.000,-45000.000,-254000.000,-118000.000,134000.000,-131000.000,-479000.000,-67000.000,63000.000,-101000.000,-382000.000,149000.000,301000.000,530000.000,-55000.000,288000.000,-346000.000,77000.000,-116000.000,30000.000,91000.000,
PaymentsForRestructuring,,,,,,,,,,,,,,,,,,,,,,,,,1386000.000
PaymentsRelatedToTaxWithholdingForShareBasedCompensation,,,,,721000.000,,,,1232000.000,,,,600000.000,,,,618000.000,,,,,,,,
PaymentsToAcquireIntangibleAssets,,,,,,,,,,,,,737000.000,,,,712000.000,,,,399000.000,,,,200000.000
PaymentsToAcquireProductiveAssets,12650000.000,,,,16824000.000,,,,7438000.000,,,,24756000.000,,,,14990000.000,,,,12282000.000,,,,5789000.000
ProceedsFromIssuanceOfCommonStock,,,,,,,,,,,,,,,,,,,,,,,,,40282000.000
ProceedsFromIssuanceOfLongTermDebt,,,,,,,,,9999000.000,,,,,,,,13000000.000,,,,1500000.000,,,,
ProceedsFromLinesOfCredit,0.000,,,,,,,,,,,,,,,,,,,,,,,,
ProceedsFromPaymentsForOtherFinancingActivities,-33000.000,,,,-35000.000,,,,,,,,,,,,,,,,,,,,-157000.000
ProceedsFromSaleAndMaturityOfMarketableSecurities,0.000,,,,,,,,,,,,,,,,,,,,,,,,
ProceedsFromSaleOfPropertyPlantAndEquipment,4000.000,,,,,,,,,,,,,,,,,,,,,,,,
ProceedsFromStockOptionsExercised,,,,,628000.000,,,,1397000.000,,,,860000.000,,,,2583000.000,,,,,,,,7000.000
ProfitLoss,,,,,,,,,,37330000.000,36777000.000,,,,,,,,,,,,,,
ProvisionForDoubtfulAccounts,165000.000,,,,79000.000,,,,329000.000,,,,43000.000,,,,400000.000,,,,341000.000,,,,301000.000
RepaymentsOfLinesOfCredit,250000.000,,,,,,,,,,,,,,,,,,,,,,,,
RepaymentsOfLongTermCapitalLeaseObligations,361000.000,,,,612000.000,,,,1104000.000,,,,1360000.000,,,,1770000.000,,,,2359000.000,,,,2491000.000
RepaymentsOfLongTermDebt,,,,,,,,,875000.000,,,,750000.000,,,,750000.000,,,,750000.000,,,,39997000.000
RestructuringCharges,189000.000,1304000.000,123000.000,,43000.000,645000.000,124000.000,-751000.000,,,,,,,,,,,,,,,,,
RestructuringReserveSettledWithCash,,,,,661000.000,,,,,,,,,,,,,,,,,,,,
RestructuringSettlementAndImpairmentProvisions,,,,,,645000.000,124000.000,,248000.000,683000.000,274000.000,209000.000,1384000.000,1561000.000,56000.000,1519000.000,265000.000,59000.000,920000.000,1034000.000,201000.000,152000.000,1670000.000,5213000.000,1023000.000
Revenues,59404000.000,60410000.000,62014000.000,62800000.000,67028000.000,68687000.000,68129000.000,,69699000.000,69983000.000,69572000.000,,,,,,,,,,,74315000.000,73940000.000,,72133000.000
SaleLeasebackTransactionNetProceedsInvestingActivities,,,,,,,,,,,,,,,2600000.000,,,,,,,,,,
SalesRevenueNet,59404000.000,60410000.000,62014000.000,62800000.000,67028000.000,68687000.000,68129000.000,,69699000.000,69983000.000,69572000.000,,,,,,,,,,,74315000.000,73940000.000,,72133000.000
SellingAndMarketingExpense,7833000.000,7731000.000,7314000.000,6837000.000,8090000.000,8314000.000,7569000.000,7370000.000,7484000.000,8077000.000,8048000.000,8191000.000,10103000.000,9977000.000,8858000.000,8907000.000,10283000.000,9759000.000,8305000.000,9150000.000,,,,,
SellingGeneralAndAdministrativeExpense,,,,,,,,,,,,,,,,,,,,,18930000.000,18131000.000,18355000.000,15223000.000,16564000.000
ShareBasedCompensation,911000.000,,,,1404000.000,,,,1637000.000,,,,1941000.000,,,,1579000.000,,,,1922000.000,,,,598000.000
StockIssuedDuringPeriodValueShareBasedCompensation,,,,,1442000.000,,,,,,,,,,,,,,,,,,,,
TangibleAssetImpairmentCharges,,,,,,,,,,,,,,-32000.000,,,,,,,,,,,
WeightedAverageNumberOfDilutedSharesOutstanding,,,,,51033000.000,,,,50771000.000,,,,,,,,,,,,,,,,
WeightedAverageNumberOfShareOutstandingBasicAndDiluted,,,,,,50453000.000,50572000.000,,,50856000.000,50882000.000,,51027000.000,51045000.000,51063000.000,-101898000.000,51336000.000,51579000.000,51699000.000,-154562102.000,51774.000,52062000.000,52096.000,164130.000,64351000.000
WeightedAverageNumberOfSharesOutstandingBasic,,,,,50336000.000,,,,50771000.000,,,,,,,,,,,,,,,,
