,2011-03-31,2011-06-30,2011-09-30,2011-12-31,2012-03-31,2012-06-30,2012-09-30,2012-12-31,2013-03-31,2013-06-30,2013-09-30,2013-12-31,2014-03-31,2014-06-30,2014-09-30,2014-12-31,2015-03-31,2015-06-30,2015-09-30,2015-12-31,2016-03-31,2016-06-30,2016-09-30,2016-12-31,2017-03-31,2017-06-30
AmortizationOfIntangibleAssets,4800000.000,4800000.000,5000000.000,5900000.000,7300000.000,7100000.000,8100000.000,7600000.000,7100000.000,6900000.000,7000000.000,7000000.000,7300000.000,6300000.000,6900000.000,7900000.000,8500000.000,8000000.000,7600000.000,7800000.000,7900000.000,8700000.000,8900000.000,8700000.000,8500000.000,8600000.000
AntidilutiveSecuritiesExcludedFromComputationOfEarningsPerShareAmount,13700000.000,9400000.000,10700000.000,-23200000.000,7000000.000,7200000.000,6600000.000,-13300000.000,4900000.000,4400000.000,2600000.000,-7900000.000,1000000.000,700000.000,500000.000,-1500000.000,1000000.000,800000.000,600000.000,-1700000.000,1500000.000,1200000.000,500000.000,-2600000.000,1000000.000,700000.000
BusinessCombinationAcquisitionRelatedCosts,,,,,,,,,,,,,,,,,,,,,,,,,,6600000.000
BusinessCombinationStepAcquisitionEquityInterestInAcquireeRemeasurementGain,,,,,,,,,,,,,,102800000.000,0.000,,,0.000,,,,,,,,
CashAndCashEquivalentsPeriodIncreaseDecrease,59900000.000,,,,54700000.000,,,,2600000.000,,,,-127300000.000,,,,290400000.000,,,,-181300000.000,,,,78100000.000,
CommonStockDividendsPerShareDeclared,,0.140,0.140,,,0.160,0.160,,0.160,0.200,0.250,0.370,,0.280,0.280,,0.000,0.340,0.340,0.710,,0.370,0.370,,,0.380
ComprehensiveIncomeNetOfTax,,,,,202300000.000,130400000.000,219000000.000,163700000.000,131700000.000,214400000.000,233600000.000,252300000.000,211300000.000,333200000.000,128900000.000,134700000.000,142900000.000,303300000.000,192100000.000,198700000.000,222400000.000,240200000.000,266500000.000,-487900000.000,353200000.000,359800000.000
ComprehensiveIncomeNetOfTaxAttributableToNoncontrollingInterest,,,,,4000000.000,2300000.000,2500000.000,1900000.000,2700000.000,2900000.000,2900000.000,2900000.000,3700000.000,5200000.000,3300000.000,5100000.000,1200000.000,2400000.000,2200000.000,2500000.000,2200000.000,2600000.000,-14800000.000,-8000000.000,5700000.000,10800000.000
ComprehensiveIncomeNetOfTaxIncludingPortionAttributableToNoncontrollingInterest,181500000.000,202000000.000,59000000.000,,206300000.000,132700000.000,221500000.000,165600000.000,134400000.000,217300000.000,236500000.000,255200000.000,215000000.000,338400000.000,132200000.000,139800000.000,144100000.000,305700000.000,194300000.000,201200000.000,224600000.000,242800000.000,251700000.000,-495900000.000,358900000.000,370600000.000
DeferredIncomeTaxExpenseBenefit,,,,,,,,,13100000.000,,,,27900000.000,,,,7600000.000,,,,11300000.000,,,,185000000.000,
DefinedBenefitPlanAmortizationOfPriorServiceCostCredit,,,,,,,,,200000.000,,200000.000,,,,,,,,,,,,,,,
DepreciationAndAmortization,17700000.000,21800000.000,19000000.000,20700000.000,23500000.000,22100000.000,24100000.000,23800000.000,23600000.000,23100000.000,23400000.000,23300000.000,23100000.000,22300000.000,23200000.000,27000000.000,28600000.000,27900000.000,28300000.000,28700000.000,29900000.000,31200000.000,32700000.000,32900000.000,32500000.000,32900000.000
DerivativeInstrumentsGainLossReclassifiedFromAccumulatedOCIIntoIncomeEffectivePortionNet,,,,,,,,,,,,,,,,,,,,,1400000.000,-1700000.000,900000.000,-4300000.000,900000.000,3300000.000
DerivativeInstrumentsGainLossRecognizedInIncomeIneffectivePortionAndAmountExcludedFromEffectivenessTestingNet,,,,,,,,,0.000,0.000,0.000,0.000,,,,,,,,,,,,,,400000.000
DerivativeInstrumentsGainLossRecognizedInOtherComprehensiveIncomeEffectivePortionNet,,,,,,,,,,,,,0.000,,,,,,,,-16500000.000,-4400000.000,-200000.000,16000000.000,-3800000.000,-13500000.000
DirectOperatingCosts,160800000.000,170500000.000,171000000.000,181200000.000,185500000.000,180600000.000,207300000.000,221600000.000,200800000.000,197100000.000,203500000.000,221000000.000,216000000.000,222100000.000,236700000.000,255500000.000,244400000.000,243900000.000,236100000.000,251900000.000,249200000.000,258900000.000,253200000.000,265300000.000,277400000.000,285800000.000
EarningsPerShareBasic,0.680,0.830,0.580,0.430,0.780,0.770,0.830,0.710,0.840,1.010,0.840,0.980,1.020,1.510,1.020,1.140,1.140,1.300,1.160,1.100,0.950,1.320,1.330,-2.220,1.810,1.630
EarningsPerShareDiluted,0.670,0.820,0.570,0.430,0.760,0.760,0.810,0.720,0.830,1.000,0.830,0.940,1.000,1.480,1.000,1.130,1.110,1.280,1.140,1.100,0.930,1.300,1.310,-2.180,1.780,1.610
EffectOfExchangeRateOnCashAndCashEquivalents,17400000.000,,,,13300000.000,,,,-41200000.000,,,,-200000.000,,,,-46000000.000,,,,29000000.000,,,,18200000.000,
EffectiveIncomeTaxRateContinuingOperations,0.332,0.278,0.285,-0.583,0.321,0.336,0.295,-0.635,0.317,0.322,0.322,-0.659,0.289,0.331,0.335,-0.644,0.329,0.304,0.320,-0.641,0.323,0.319,0.305,,0.234,0.321
EmployeeServiceShareBasedCompensationTaxBenefitFromCompensationExpense,5600000.000,5600000.000,5000000.000,1900000.000,5400000.000,5400000.000,5900000.000,6600000.000,6200000.000,5800000.000,5900000.000,6800000.000,6300000.000,6500000.000,6200000.000,8500000.000,7900000.000,6700000.000,7200000.000,6800000.000,8400000.000,7500000.000,7800000.000,8200000.000,9100000.000,9400000.000
EmployeeServiceShareBasedCompensationTaxBenefitRealizedFromExerciseOfStockOptions,,,,,,,,,,,,,,,,,11900000.000,,,,,,,,,
ExcessTaxBenefitFromShareBasedCompensationFinancingActivities,2800000.000,,,,8600000.000,,,,-16100000.000,,,,38800000.000,,,,37400000.000,,,,16300000.000,,,,,
ExcessTaxBenefitFromShareBasedCompensationOperatingActivities,2800000.000,,,,8600000.000,,,,16100000.000,,,,38800000.000,,,,37400000.000,,,,16300000.000,,,,,
FairValueMeasurementWithUnobservableInputsReconciliationRecurringBasisLiabilityGainLossIncludedInEarnings,,,,,600000.000,,,,4500000.000,,,,-200000.000,,,,,,,,,,,,,
FairValueMeasurementWithUnobservableInputsReconciliationRecurringBasisLiabilityGainLossIncludedInOtherComprehensiveIncome,,,,,,,,,0.000,,,,,,,,,,,,,,,,,
FairValueMeasurementWithUnobservableInputsReconciliationRecurringBasisLiabilityIssues,,,,,,,,,0.000,,,,,,,,,,,,,,,,,
FairValueMeasurementWithUnobservableInputsReconciliationRecurringBasisLiabilityPurchases,,,,,,,,,0.000,,,,,,,,,,,,,,,,,
FairValueMeasurementWithUnobservableInputsReconciliationRecurringBasisLiabilitySettlements,,,,,,,,,0.000,,,,,,,,,,,,,,,,,
FairValueMeasurementWithUnobservableInputsReconciliationRecurringBasisLiabilityTransfersNet,,,,,,,,,0.000,,,,,,,,,,,,,,,,,
ForeignCurrencyTransactionGainLossBeforeTax,,,,,,,-4800000.000,,7400000.000,5300000.000,-5800000.000,-6900000.000,1000000.000,-7100000.000,7600000.000,18800000.000,0.000,-12200000.000,9700000.000,3600000.000,4000000.000,800000.000,4300000.000,41000000.000,-9600000.000,3800000.000
FutureAmortizationExpenseAfterYearFive,,,,,137600000.000,,,,,,,,,,,,,,,,,,,,,
FutureAmortizationExpenseYearFive,13700000.000,,,,19700000.000,,,,,,,,,,,,,,,,,,,,,
FutureAmortizationExpenseYearFour,14800000.000,,,,21000000.000,,,,,,,,,,,,,,,,,,,,,
FutureAmortizationExpenseYearThree,18300000.000,,,,22300000.000,,,,,,,,,,,,,,,,,,,,,
FutureAmortizationExpenseYearTwo,18500000.000,,,,27500000.000,,,,,,,,,,,,,,,,,,,,,
GainLossOnForeignCurrencyDerivativesRecordedInEarningsNet,3200000.000,-700000.000,-3100000.000,-800000.000,1000000.000,,,,,,,,,,,,,,,,,,,,,
GainLossOnSaleOfStockInSubsidiaryOrEquityMethodInvestee,,,,,,,,,,,,,,,,,,,,,,,,,59700000.000,
GoodwillAllocationAdjustment,,,,,2100000.000,,,,0.000,,,,,,,,,,,,,,,,,
GoodwillAndIntangibleAssetImpairment,,,,,,,,,,,,,,,,,,,,,0.000,,,,,
GoodwillImpairmentLoss,0.000,0.000,0.000,0.000,0.000,,,,0.000,,,,,,,,,,,,,,,,,
GoodwillPurchaseAccountingAdjustments,,,,,,,,,,,,,,,,,,,,,58800000.000,,,,3600000.000,
GoodwillTranslationAndPurchaseAccountingAdjustments,-2200000.000,,,,11300000.000,,,,-13300000.000,,,,,,,,,,,,15800000.000,,,,2400000.000,
ImpairmentOfIntangibleAssetsExcludingGoodwill,,,,,,,1000000.000,,,,,,,,,,,,,,,,,,,
IncomeLossFromContinuingOperationsBeforeIncomeTaxesMinorityInterestAndIncomeLossFromEquityMethodInvestments,235200000.000,264200000.000,184800000.000,155600000.000,258600000.000,264600000.000,264400000.000,236400000.000,267200000.000,336800000.000,263500000.000,301800000.000,311600000.000,485200000.000,328400000.000,335800000.000,344500000.000,379200000.000,343600000.000,312300000.000,275600000.000,378900000.000,369000000.000,-465500000.000,451300000.000,462000000.000
IncomeLossFromEquityMethodInvestments,,,,,,,,,,,,,1800000.000,3500000.000,2600000.000,1700000.000,1900000.000,3400000.000,3500000.000,3000000.000,1900000.000,3000000.000,2300000.000,4200000.000,1000000.000,4000000.000
IncomeTaxExpenseBenefit,78100000.000,73500000.000,52700000.000,57500000.000,83100000.000,88900000.000,77900000.000,74400000.000,76100000.000,108400000.000,76700000.000,92200000.000,89900000.000,160800000.000,109900000.000,94400000.000,113200000.000,115100000.000,109800000.000,91900000.000,89000000.000,120800000.000,112400000.000,-40000000.000,105400000.000,148400000.000
IncomeTaxesPaid,,,,,,,,,77800000.000,,,,76300000.000,,,,31400000.000,,,,22000000.000,,,,23400000.000,
IncreaseDecreaseInAccountsPayableAndAccruedLiabilities,-108100000.000,,,,-105700000.000,,,,-139600000.000,,,,131800000.000,,,,-72800000.000,,,,-99000000.000,,,,-988600000.000,
IncreaseDecreaseInAccountsReceivable,2000000.000,,,,96000000.000,,,,25000000.000,,,,42800000.000,,,,62700000.000,,,,45500000.000,,,,61900000.000,
IncreaseDecreaseInDeferredRevenue,41400000.000,,,,84200000.000,,,,97100000.000,,,,114000000.000,,,,127900000.000,,,,122600000.000,,,,125900000.000,
IncreaseDecreaseInOtherAccruedLiabilities,-100000.000,,,,,,,,,,,,,,,,,,,,,,,,,
IncreaseDecreaseInOtherOperatingAssets,-16400000.000,,,,4900000.000,,,,2000000.000,,,,1800000.000,,,,13900000.000,,,,-1500000.000,,,,3200000.000,
IncreaseDecreaseInOtherOperatingLiabilities,-10400000.000,,,,11200000.000,,,,20500000.000,,,,4100000.000,,,,20200000.000,,,,1900000.000,,,,10700000.000,
IncreaseDecreaseInPrepaidDeferredExpenseAndOtherAssets,-63500000.000,,,,-50800000.000,,,,-12000000.000,,,,5000000.000,,,,-2900000.000,,,,-13600000.000,,,,128300000.000,
IncreaseDecreaseInRestructuringReserve,,,,,,,,,,,,,0.000,,,,,,,,,,,,,
IncreaseDecreaseInSelfInsuranceReserve,,,,,,,,,-15300000.000,,,,6400000.000,,,,2300000.000,,,,-400000.000,,,,-1800000.000,
IncrementalCommonSharesAttributableToShareBasedPaymentArrangements,,,,,,,,,,,,,,,,,,,,,2900000.000,2400000.000,2600000.000,-5200000.000,3200000.000,2800000.000
InterestCostsCapitalized,-800000.000,-600000.000,-800000.000,-900000.000,200000.000,-100000.000,100000.000,,0.000,,0.000,,-100000.000,0.000,-300000.000,,-300000.000,,-100000.000,,-400000.000,,,,-300000.000,200000.000
InterestExpenseBorrowings,16400000.000,16300000.000,16200000.000,16600000.000,16400000.000,16400000.000,19300000.000,21700000.000,21000000.000,,23900000.000,,26100000.000,25600000.000,38800000.000,27900000.000,28300000.000,30700000.000,29800000.000,31800000.000,34600000.000,35400000.000,35600000.000,36300000.000,44700000.000,46400000.000
InterestIncomeExpenseNonoperatingNet,,,,,,,,,,,,,,,,,,-31900000.000,-25800000.000,,-34100000.000,-34300000.000,-35400000.000,-34000000.000,-42400000.000,-45000000.000
InterestIncomeSecuritiesTaxExempt,,,,,,,,,,,,,,,,,,,2000000.000,,,,,,,
InterestPaid,,,,,,,,,45600000.000,,,,54200000.000,,,,48200000.000,,,,67100000.000,,,,74700000.000,
InvestmentIncomeInterest,1000000.000,1300000.000,1600000.000,1400000.000,1300000.000,1200000.000,1200000.000,1500000.000,1200000.000,,1600000.000,,1600000.000,1700000.000,1800000.000,1600000.000,1900000.000,2300000.000,2800000.000,2700000.000,2900000.000,2800000.000,2500000.000,2700000.000,4100000.000,4600000.000
LiabilityForUnpaidClaimsAndClaimsAdjustmentExpenseClaimsPaid,,,,,,,,,-5300000.000,,,,-6900000.000,,,,,,,,,,,,,
MinorityInterestChangeInRedemptionValue,,,,,6800000.000,,,,3200000.000,,,,25900000.000,,,,,,,,,,,,,
MinorityInterestDecreaseFromDistributionsToNoncontrollingInterestHolders,4500000.000,,,,,,,,,,,,-4300000.000,,,,-4400000.000,,,,,,,,,
NetCashProvidedByUsedInFinancingActivities,-145100000.000,,,,-7000000.000,,,,-156000000.000,,,,-222100000.000,,,,123900000.000,,,,-339200000.000,,,,553700000.000,
NetCashProvidedByUsedInFinancingActivitiesContinuingOperations,-145100000.000,,,,-7000000.000,,,,-156000000.000,,,,-222100000.000,,,,123900000.000,,,,-339200000.000,,,,553700000.000,
NetCashProvidedByUsedInInvestingActivities,-13300000.000,,,,-13600000.000,,,,-2800000.000,,,,-82200000.000,,,,-49300000.000,,,,-108400000.000,,,,18600000.000,
NetCashProvidedByUsedInInvestingActivitiesContinuingOperations,-13300000.000,,,,-13600000.000,,,,-2800000.000,,,,-82200000.000,,,,-49300000.000,,,,-108400000.000,,,,18600000.000,
NetCashProvidedByUsedInOperatingActivities,200900000.000,,,,62000000.000,,,,202600000.000,,,,177200000.000,,,,261800000.000,,,,237300000.000,,,,-512400000.000,
NetCashProvidedByUsedInOperatingActivitiesContinuingOperations,200900000.000,,,,62000000.000,,,,202600000.000,,,,177200000.000,,,,261800000.000,,,,237300000.000,,,,-512400000.000,
NetIncomeLoss,155500000.000,189000000.000,130700000.000,96200000.000,173500000.000,172500000.000,183900000.000,160100000.000,188400000.000,225500000.000,183900000.000,206700000.000,218000000.000,319200000.000,215200000.000,236300000.000,230100000.000,261700000.000,231600000.000,217900000.000,184400000.000,255500000.000,255300000.000,-428600000.000,345600000.000,312200000.000
NetIncomeLossAttributableToNoncontrollingInterest,1600000.000,1700000.000,1400000.000,1900000.000,2000000.000,3200000.000,2600000.000,1900000.000,2700000.000,2900000.000,2900000.000,2900000.000,3700000.000,5200000.000,3300000.000,5100000.000,1200000.000,2400000.000,2200000.000,2500000.000,2200000.000,2600000.000,1300000.000,3100000.000,300000.000,1400000.000
NetIncomeLossAttributableToNonredeemableNoncontrollingInterest,,,,,,,,,1600000.000,,,,1400000.000,,,,1200000.000,,,,,,,,,
NetIncomeLossAttributableToRedeemableNoncontrollingInterest,,,,,400000.000,,,,1100000.000,,,,2300000.000,,,,,,,,,,,,,
NonoperatingIncomeExpense,-14900000.000,-5900000.000,-11300000.000,-16500000.000,-10400000.000,-13900000.000,-5300000.000,-23800000.000,-13200000.000,-14000000.000,-28000000.000,-10100000.000,-21400000.000,73500000.000,-21300000.000,-8900000.000,-26800000.000,-40100000.000,-6100000.000,-20800000.000,-28500000.000,-31300000.000,-28500000.000,7600000.000,7900000.000,4500000.000
NumberOfOperatingSegments,,,,,,,,,,,,,4000000.000,,,,3.000,,,,3.000,,,,,
NumberOfReportableSegments,,,,,,,,,2.000,,,,2.000,,,,2.000,,,,2.000,,,,,
OperatingExpenses,327000000.000,335100000.000,335200000.000,395000000.000,377800000.000,362300000.000,418800000.000,494000000.000,451400000.000,405200000.000,414000000.000,467300000.000,434200000.000,461800000.000,466400000.000,532800000.000,494300000.000,498800000.000,485200000.000,532800000.000,512000000.000,518700000.000,519600000.000,1415200000.000,531800000.000,543000000.000
OperatingIncomeLoss,250100000.000,270100000.000,196100000.000,172100000.000,269000000.000,278500000.000,269700000.000,260200000.000,280400000.000,350800000.000,291500000.000,311900000.000,333000000.000,411700000.000,349700000.000,344700000.000,371300000.000,419300000.000,349700000.000,333100000.000,304100000.000,410200000.000,397500000.000,-473100000.000,443400000.000,457500000.000
OtherComprehensiveIncomeAmortizationOfDefinedBenefitPlanNetPriorServiceCostRecognizedInNetPeriodicPensionCostNetOfTax,800000.000,900000.000,600000.000,2100000.000,1700000.000,,,,,,,,,,,,,,,,,,,,,
OtherComprehensiveIncomeAmortizationOfDefinedBenefitPlanNetPriorServiceCostRecognizedInNetPeriodicPensionCostTax,600000.000,,,,,900000.000,1100000.000,,,,,,,,,,,,,,,,,,,
OtherComprehensiveIncomeDefinedBenefitPlanNetPriorServiceCostCreditArisingDuringPeriodBeforeTax,,,,,,,,,,,,,,,,,,3100000.000,3400000.000,,2600000.000,2300000.000,2400000.000,2400000.000,2400000.000,1900000.000
OtherComprehensiveIncomeDefinedBenefitPlanNetPriorServiceCostsCreditArisingDuringPeriodNetOfTax,,,,,,,,,,,,,,,,,,2000000.000,2100000.000,,1600000.000,1400000.000,1500000.000,1500000.000,1500000.000,1100000.000
OtherComprehensiveIncomeDefinedBenefitPlansAdjustmentNetOfTaxPortionAttributableToParent,,,,,,-4300000.000,-1500000.000,,,,,,,,,,,,,,1600000.000,4700000.000,1500000.000,-1600000.000,1500000.000,6000000.000
OtherComprehensiveIncomeDefinedBenefitPlansNetUnamortizedGainLossArisingDuringPeriodNetOfTax,,-3300000.000,,,,-5600000.000,,,,,,,,-1200000.000,-1100000.000,,2300000.000,6700000.000,,,,3300000.000,,,,4900000.000
OtherComprehensiveIncomeDefinedBenefitPlansNetUnamortizedGainLossArisingDuringPeriodTax,,2400000.000,,,1100000.000,3900000.000,,,,,,,,,-700000.000,,1500000.000,4200000.000,,,,2000000.000,,,,3000000.000
OtherComprehensiveIncomeDerivativesQualifyingAsHedgesNetOfTaxPeriodIncreaseDecrease,,,,,500000.000,,,,,,,,,,,,,,,,,,,,,
OtherComprehensiveIncomeDerivativesQualifyingAsHedgesNetOfTaxPortionAttributableToParent,,,,,,-800000.000,700000.000,,,,,,,,,,,,,,,,,,,
OtherComprehensiveIncomeForeignCurrencyTransactionAndTranslationAdjustmentNetOfTaxPeriodIncreaseDecrease,22900000.000,13300000.000,-74400000.000,,28600000.000,,,,,,,,,,,,,,,,,,,,,
OtherComprehensiveIncomeForeignCurrencyTransactionAndTranslationAdjustmentNetOfTaxPortionAttributableToNoncontrollingInterest,400000.000,,,,,,,,0.000,,,,,,,,,,,,,,,,,
OtherComprehensiveIncomeForeignCurrencyTransactionAndTranslationGainLossArisingDuringPeriodNetOfTax,,,,,,,,,-59800000.000,-13000000.000,48100000.000,9500000.000,-4800000.000,14100000.000,-99500000.000,-62900000.000,-109400000.000,39800000.000,-41700000.000,-13900000.000,36000000.000,-19400000.000,-9400000.000,-34800000.000,12100000.000,50500000.000
OtherComprehensiveIncomeForeignCurrencyTransactionAndTranslationGainLossBeforeReclassificationAndTax,,,,,,,,,,,,,,,,,,39800000.000,-43200000.000,,48500000.000,-45900000.000,-12000000.000,-12800000.000,14400000.000,35100000.000
OtherComprehensiveIncomeForeignCurrencyTranslationAdjustmentTax,,,100000.000,,,,,,,,,,,,,,,,,,,,,,,
OtherComprehensiveIncomeForeignCurrencyTranslationGainLossArisingDuringPeriodTax,,,,,,,,,0.000,0.000,0.000,600000.000,0.000,0.000,0.000,-2200000.000,0.000,0.000,-1500000.000,16200000.000,12500000.000,-26500000.000,-2600000.000,22000000.000,2300000.000,-15400000.000
OtherComprehensiveIncomeLossAmortizationAdjustmentFromAOCIPensionAndOtherPostretirementBenefitPlansForNetPriorServiceCostCreditBeforeTax,,,,,,,,,,,,,,,,,,,,,2600000.000,2300000.000,2400000.000,2400000.000,2400000.000,1900000.000
OtherComprehensiveIncomeLossAmortizationAdjustmentFromAOCIPensionAndOtherPostretirementBenefitPlansForNetPriorServiceCostCreditNetOfTax,,,,,,,,,,,,,,,,,,,,,1600000.000,1400000.000,1500000.000,1500000.000,1500000.000,1100000.000
OtherComprehensiveIncomeLossAmortizationAdjustmentFromAOCIPensionAndOtherPostretirementBenefitPlansForNetPriorServiceCostCreditTax,,,,,,,,,,,,,,,,,,,,,1000000.000,900000.000,900000.000,900000.000,900000.000,800000.000
OtherComprehensiveIncomeLossAmortizationPensionAndOtherPostretirementBenefitPlansNetPriorServiceCostRecognizedInNetPeriodicPensionCostNetOfTax,,,,,,-1300000.000,-1500000.000,,,,,,,,,,,,,,,,,,,
OtherComprehensiveIncomeLossAmortizationPensionAndOtherPostretirementBenefitPlansNetPriorServiceCostRecognizedInNetPeriodicPensionCostTaxEffect,,-1700000.000,-500000.000,,,,,,,,,,,,,,,,,,,,,,,
OtherComprehensiveIncomeLossAvailableForSaleSecuritiesAdjustmentBeforeReclassificationAdjustmentsAndTax,,,,,,,,,,,,,,,,,,,,,600000.000,600000.000,700000.000,700000.000,500000.000,600000.000
OtherComprehensiveIncomeLossAvailableForSaleSecuritiesAdjustmentBeforeReclassificationAdjustmentsNetOfTax,,,,,,,,,,,,,,,,,,,,,600000.000,600000.000,700000.000,700000.000,500000.000,600000.000
OtherComprehensiveIncomeLossAvailableForSaleSecuritiesAdjustmentBeforeTax,,,,,,,,,,,,,,,,,1100000.000,1000000.000,700000.000,,,,,,,
OtherComprehensiveIncomeLossAvailableForSaleSecuritiesAdjustmentNetOfTax,,,,,,,,,,,,,,,,,1100000.000,1000000.000,700000.000,-400000.000,600000.000,600000.000,-1900000.000,3300000.000,,
OtherComprehensiveIncomeLossAvailableForSaleSecuritiesTax,,,,,,,,,,,,,,,,,0.000,0.000,,,,,,,,
OtherComprehensiveIncomeLossBeforeReclassificationsNetOfTax,,,,,,,,,,,,,,,,,,,-41000000.000,,37800000.000,-18400000.000,10500000.000,-28400000.000,,49800000.000
OtherComprehensiveIncomeLossBeforeTax,,,,,,,,,-54700000.000,-9600000.000,49800000.000,70400000.000,-6700000.000,10900000.000,-77400000.000,-131000000.000,-73000000.000,41500000.000,-39700000.000,-6100000.000,51500000.000,-39700000.000,-5100000.000,-48300000.000,15600000.000,44500000.000
OtherComprehensiveIncomeLossDerivativesQualifyingAsHedgesNetOfTax,,,,,,,,,,,,,,,,,,,,,-200000.000,-1200000.000,2300000.000,1900000.000,-1100000.000,-100000.000
OtherComprehensiveIncomeLossForeignCurrencyTransactionAndTranslationAdjustmentBeforeTax,,,,,,,,,-59800000.000,-13000000.000,48100000.000,8900000.000,-4800000.000,14100000.000,-99500000.000,-65100000.000,-109400000.000,,,,,,,,,
OtherComprehensiveIncomeLossForeignCurrencyTransactionAndTranslationAdjustmentNetOfTax,,,,,,-37900000.000,32800000.000,,,,,,,,,,,,,,36000000.000,-19400000.000,9200000.000,-60000000.000,,
OtherComprehensiveIncomeLossForeignCurrencyTransactionAndTranslationReclassificationAdjustmentFromAOCIRealizedUponSaleOrLiquidationBeforeTax,,,,,,,,,,,,,,,0.000,,-100000.000,0.000,,,,,,,,
OtherComprehensiveIncomeLossForeignCurrencyTransactionAndTranslationReclassificationAdjustmentFromAOCIRealizedUponSaleOrLiquidationNetOfTax,,,,,,,,,,,,,,,0.000,,-100000.000,0.000,,,,,,,,
OtherComprehensiveIncomeLossForeignCurrencyTransactionAndTranslationReclassificationAdjustmentFromAOCIRealizedUponSaleOrLiquidationTax,,,,,,,,,,,,,,,0.000,,0.000,0.000,,,,,,,,
OtherComprehensiveIncomeLossForeignCurrencyTransactionAndTranslationReclassificationAdjustmentRealizedUponSaleOrLiquidationBeforeTax,,,,,,,,,,,1300000.000,,0.000,,,,,,,,,,,,,
OtherComprehensiveIncomeLossForeignCurrencyTransactionAndTranslationReclassificationAdjustmentRealizedUponSaleOrLiquidationNetOfTax,,,,,,,,,,,1300000.000,,0.000,,,,,,,,,,,,,
OtherComprehensiveIncomeLossForeignCurrencyTranslationReclassificationAdjustmentRealizedUponSaleOrLiquidationTax,,,,,,,,,,,0.000,,0.000,,,,,,,,,,,,,
OtherComprehensiveIncomeLossNetOfTax,,,,,,,,,-56700000.000,-11100000.000,49700000.000,45600000.000,-6700000.000,14000000.000,-86300000.000,-101600000.000,,41600000.000,-39500000.000,,38000000.000,-15300000.000,-4900000.000,-70400000.000,13000000.000,57000000.000
OtherComprehensiveIncomeLossPensionAndOtherPostretirementBenefitPlansAdjustmentBeforeReclassificationAdjustmentsNetOfTax,,,,,,,,,,,,,,,,,,,,,,3300000.000,,,,4900000.000
OtherComprehensiveIncomeLossPensionAndOtherPostretirementBenefitPlansBenefitPlanImprovementTaxEffect,,,,,,,,,,,,,,,,,,1100000.000,1300000.000,,1000000.000,900000.000,900000.000,900000.000,900000.000,800000.000
OtherComprehensiveIncomeLossPensionAndOtherPostretirementBenefitPlansNetUnamortizedGainLossArisingDuringPeriodBeforeTax,,,,,,,,,,,,,,-2000000.000,-1800000.000,,3800000.000,10900000.000,,,,5300000.000,,,,7900000.000
OtherComprehensiveIncomeLossReclassificationAdjustmentFromAOCIForSaleOfSecuritiesBeforeTax,,,,,,,,,,,,,,,,,0.000,-200000.000,-600000.000,-100000.000,,,,,,
OtherComprehensiveIncomeLossReclassificationAdjustmentFromAOCIForSaleOfSecuritiesNetOfTax,,,,,,,,,,,,,,,,,0.000,-200000.000,-600000.000,-100000.000,,,,,,
OtherComprehensiveIncomeLossReclassificationAdjustmentFromAOCIForSaleOfSecuritiesTax,,,,,,,,,,,,,,,,,0.000,0.000,,,,,,,,
OtherComprehensiveIncomeLossReclassificationAdjustmentFromAOCIOnDerivativesBeforeTax,,,,,,,,,,,,,,0.000,,,0.000,0.000,,,-2200000.000,2600000.000,-1300000.000,6900000.000,-1400000.000,-6100000.000
OtherComprehensiveIncomeLossReclassificationAdjustmentFromAOCIOnDerivativesNetOfTax,,,,,,,,,,,,,,0.000,,,0.000,0.000,,,-1400000.000,1700000.000,-900000.000,4300000.000,-900000.000,-3300000.000
OtherComprehensiveIncomeLossReclassificationAdjustmentFromAOCIOnDerivativesTax,,,,,,,,,,,,,,0.000,,,0.000,0.000,,,-800000.000,900000.000,-400000.000,2600000.000,-500000.000,-2800000.000
OtherComprehensiveIncomeLossReclassificationAdjustmentFromAOCIPensionAndOtherPostretirementBenefitPlansForNetGainLossBeforeTax,,,,,,,,,,,,,,-6900000.000,,,0.000,,,,,,,,,
OtherComprehensiveIncomeLossReclassificationAdjustmentFromAOCIPensionAndOtherPostretirementBenefitPlansNetOfTax,,,,,,,,,,,,,,-4100000.000,0.000,,0.000,6700000.000,2100000.000,-500000.000,1600000.000,1400000.000,1500000.000,1500000.000,1500000.000,1100000.000
OtherComprehensiveIncomeLossReclassificationAdjustmentFromAOCIPensionAndOtherPostretirementBenefitPlansTax,,,,,,,,,,,,,,2800000.000,,,0.000,,,,,,,,,
OtherComprehensiveIncomeLossReclassificationAdjustmentOnDerivativesIncludedInNetIncomeBeforeTax,,,,,,,,,600000.000,100000.000,0.000,500000.000,0.000,,,,,,,,,,,,,
OtherComprehensiveIncomeLossReclassificationAdjustmentOnDerivativesIncludedInNetIncomeNetOfTax,,,,,,700000.000,600000.000,,400000.000,100000.000,0.000,200000.000,0.000,,,,,,,,,,,,,
OtherComprehensiveIncomeLossReclassificationAdjustmentOnDerivativesIncludedInNetIncomeTax,,,,,,400000.000,400000.000,,-200000.000,0.000,0.000,-300000.000,0.000,,,,,,,,,,,,,
OtherComprehensiveIncomeLossTax,,,,,,,,,-56700000.000,-1500000.000,-100000.000,29900000.000,0.000,3100000.000,8900000.000,-35600000.000,-14200000.000,-100000.000,-200000.000,41500000.000,13500000.000,-24400000.000,-200000.000,22100000.000,2600000.000,-12500000.000
OtherComprehensiveIncomeOtherNetOfTax,,,,,,,,,-59000000.000,,,,-6900000.000,8400000.000,-87400000.000,,,,,,,,,,,
OtherComprehensiveIncomeReclassificationAdjustmentOnDerivativesIncludedInNetIncomeNetOfTax,,,,,600000.000,,,,,,,,,,,,,,,,,,,,,
OtherComprehensiveIncomeReclassificationAdjustmentOnDerivativesIncludedInNetIncomeTax,,,,,400000.000,,,,,,,,,,,,,,,,,,,,,
OtherComprehensiveIncomeUnrealizedGainLossOnDerivativesArisingDuringPeriodBeforeTax,,,,,,,,,1400000.000,-400000.000,-2700000.000,8000000.000,-3600000.000,-2700000.000,20300000.000,18300000.000,31600000.000,-13100000.000,,,2000000.000,-4600000.000,5100000.000,-3900000.000,-300000.000,5100000.000
OtherComprehensiveIncomeUnrealizedGainLossOnDerivativesArisingDuringPeriodNetOfTax,700000.000,400000.000,700000.000,800000.000,-100000.000,-1500000.000,100000.000,-800000.000,800000.000,-300000.000,-1500000.000,4700000.000,-2100000.000,-1600000.000,12100000.000,11000000.000,18900000.000,-7700000.000,,,1200000.000,-2900000.000,3200000.000,-2400000.000,-200000.000,3200000.000
OtherComprehensiveIncomeUnrealizedGainLossOnDerivativesArisingDuringPeriodTax,400000.000,300000.000,500000.000,500000.000,100000.000,1000000.000,100000.000,400000.000,-600000.000,100000.000,1200000.000,-3300000.000,1500000.000,1100000.000,8200000.000,2100000.000,12700000.000,-5400000.000,,,800000.000,-1700000.000,1900000.000,-1500000.000,-100000.000,1900000.000
OtherNonoperatingIncomeExpense,3300000.000,8200000.000,1600000.000,400000.000,-100000.000,2700000.000,10000000.000,-2200000.000,8800000.000,7700000.000,-3600000.000,13600000.000,2400000.000,-3300000.000,16400000.000,20400000.000,2500000.000,-8200000.000,19700000.000,7300000.000,5600000.000,3000000.000,6900000.000,41600000.000,-9400000.000,8300000.000
OtherPaymentsToAcquireBusinesses,,,,,,,,,,,,,72600000.000,,,,0.000,,,,,,,,,
PaymentsForLossesAndLossAdjustmentExpense,,,,,,,,,,,,,,,,,-1700000.000,,,,-1300000.000,,,,-2800000.000,
PaymentsForRepurchaseOfCommonStock,127600000.000,,,,,,,,-91300000.000,,,,201600000.000,,,,365800000.000,,,,262100000.000,,,,55000000.000,
PaymentsOfDebtIssuanceCosts,,,,,,,,,,,,,0.000,,,,4200000.000,,,,,,,,4900000.000,
PaymentsOfDividends,26300000.000,,,,35700000.000,,,,44500000.000,,,,59900000.000,,,,68700000.000,,,,72100000.000,,,,72600000.000,
PaymentsOfDividendsMinorityInterest,4000000.000,,,,3700000.000,,,,6100000.000,,,,5400000.000,,,,3700000.000,,,,2900000.000,,,,200000.000,
PaymentsRelatedToTaxWithholdingForShareBasedCompensation,,,,,,,,,,,,,,,,,,,,,42700000.000,,,,47500000.000,
PaymentsToAcquireBusinessesNetOfCashAcquired,,,,,,,,,,,,,,,,,,,,,75900000.000,,,,5000000.000,
PaymentsToAcquireMarketableSecurities,5700000.000,,,,13000000.000,,,,5600000.000,,,,4300000.000,,,,167900000.000,,,,,,,,,
PaymentsToAcquirePropertyPlantAndEquipment,19600000.000,,,,15300000.000,,,,8600000.000,,,,19100000.000,,,,19000000.000,,,,26300000.000,,,,18700000.000,
PaymentsToAcquireShortTermInvestments,,,,,,,,,,,,,,,,,,,,,134600000.000,,,,34500000.000,
ProceedsFromHedgeInvestingActivities,,,,,,,,,,,,,,,,,20800000.000,,,,2300000.000,,,,,
ProceedsFromIssuanceOfCommercialPaper,,,,,,,,,,,,,,,,,,,,,,,,,653700000.000,
ProceedsFromNotesPayable,,,,,,,,,,,,,,,,,552800000.000,,,,,,,,798500000.000,
ProceedsFromRepaymentsOfNotesPayable,-1900000.000,,,,,,,,,,,,,,,,,,,,,,,,,
ProceedsFromSaleAndMaturityOfMarketableSecurities,12000000.000,,,,14700000.000,,,,11400000.000,,,,13800000.000,,,,116800000.000,,,,,,,,,
ProceedsFromSaleMaturityAndCollectionOfShorttermInvestments,,,,,,,,,,,,,,,,,,,,,126100000.000,,,,76800000.000,
ProceedsFromStockOptionsExercised,,,,,,,,,31400000.000,,,,56100000.000,,,,33500000.000,,,,,,,,,
ProceedsFromStockPlans,11900000.000,,,,27600000.000,,,,-1700000.000,,,,6000000.000,,,,-23900000.000,,,,24300000.000,,,,22100000.000,
ProfitLoss,157100000.000,190700000.000,132100000.000,98100000.000,175500000.000,175700000.000,186500000.000,162000000.000,191100000.000,228400000.000,186800000.000,209600000.000,221700000.000,324400000.000,218500000.000,241400000.000,231300000.000,264100000.000,233800000.000,220400000.000,186600000.000,258100000.000,256600000.000,-425500000.000,345900000.000,313600000.000
ReclassificationFromAccumulatedOtherComprehensiveIncomeCurrentPeriodNetOfTax,,,,,,,,,,,,,,,,,,,1500000.000,,200000.000,3100000.000,600000.000,23000000.000,600000.000,-2200000.000
RepaymentsOfCommercialPaper,,,,,,,,,,,,,,,,,,,,,,,,,440400000.000,
RepaymentsOfNotesPayable,,,,,3800000.000,,,,-31900000.000,,,,0.000,,,,,,,,,,,,300000000.000,
RestructuringCharges,,-100000.000,200000.000,,,,,,,,,,,,,,,,,,,,8400000.000,,,
Revenues,577100000.000,605200000.000,531300000.000,567100000.000,646800000.000,640800000.000,688500000.000,754200000.000,731800000.000,756000000.000,705500000.000,779200000.000,767200000.000,873500000.000,816100000.000,877500000.000,865600000.000,918100000.000,834900000.000,865900000.000,816100000.000,928900000.000,917100000.000,942100000.000,975200000.000,1000500000.000
SalesRevenueNet,577100000.000,605200000.000,531300000.000,567100000.000,646800000.000,640800000.000,688500000.000,754200000.000,731800000.000,756000000.000,705500000.000,779200000.000,767200000.000,873500000.000,816100000.000,877500000.000,865600000.000,918100000.000,834900000.000,865900000.000,816100000.000,928900000.000,917100000.000,942100000.000,975200000.000,1000500000.000
SellingGeneralAndAdministrativeExpense,148500000.000,142900000.000,145000000.000,193200000.000,168800000.000,159600000.000,187400000.000,236400000.000,227000000.000,185000000.000,187100000.000,223000000.000,195100000.000,217400000.000,206500000.000,250300000.000,221300000.000,227000000.000,220800000.000,252200000.000,232900000.000,228600000.000,225300000.000,249600000.000,221900000.000,217700000.000
ShareBasedCompensation,16000000.000,14300000.000,12900000.000,13500000.000,15000000.000,14900000.000,16400000.000,18200000.000,17200000.000,16100000.000,16000000.000,17800000.000,20300000.000,20300000.000,19300000.000,20500000.000,22700000.000,21700000.000,22100000.000,20700000.000,25400000.000,23500000.000,23900000.000,25300000.000,28400000.000,28700000.000
ShareBasedCompensationArrangementByShareBasedPaymentAwardEquityInstrumentsOtherThanOptionsGrantsInPeriod,1400000.000,,,,,,,,,,,,,,,,,,,,,,,,,
ShareBasedCompensationArrangementByShareBasedPaymentAwardEquityInstrumentsOtherThanOptionsGrantsInPeriodWeightedAverageGrantDateFairValue,,,,,,,,,46.480,,,,79.550,,,,,,,,,,,,,
ShareBasedCompensationArrangementByShareBasedPaymentAwardFairValueAssumptionsExpectedDividendRate,0.015,,,,0.017,,,,0.017,,,,0.014,,,,0.014,,,,0.018,,,,0.013,
ShareBasedCompensationArrangementByShareBasedPaymentAwardFairValueAssumptionsExpectedTerm,7.600,,,,,,,,,,,,,,,,,,,,,,,,,
ShareBasedCompensationArrangementByShareBasedPaymentAwardFairValueAssumptionsExpectedVolatilityRate,0.410,,,,0.440,,,,0.426,,,,0.412,,,,0.394,,,,0.323,,,,0.268,
ShareBasedCompensationArrangementByShareBasedPaymentAwardFairValueAssumptionsRiskFreeInterestRate,0.033,,,,0.015,,,,0.015,,,,0.023,,,,0.019,,,,0.016,,,,0.022,
ShareBasedCompensationArrangementByShareBasedPaymentAwardOptionsExercisesInPeriodTotalIntrinsicValue,,,,,,,,,,,,,,,,,32100000.000,,,,,,,,,
ShareBasedCompensationArrangementByShareBasedPaymentAwardOptionsGrantsInPeriod,600000.000,,,,,,,,,,,,,,,,,,,,,,,,,
ShareBasedCompensationArrangementByShareBasedPaymentAwardOptionsGrantsInPeriodWeightedAverageGrantDateFairValue,12.450,,,,15.150,,,,17.580,,,,31.490,,,,36.060,,,,22.930,,,,29.880,
StockIssuedDuringPeriodSharesStockOptionsExercised,,,,,,,,,,,,,1200000.000,,,,700000.000,,,,,,,,,
TranslationAdjustmentFunctionalToReportingCurrencyLossGainOnReclassifiedOfEarningsNetOfTax,,,,,,,,,,,,,,,,,100000.000,0.000,,,,,,,,
UnrecognizedTaxBenefitsInterestOnIncomeTaxesExpense,3600000.000,3400000.000,-900000.000,2600000.000,-5000000.000,1500000.000,1700000.000,1400000.000,2200000.000,,2100000.000,,-600000.000,2100000.000,1700000.000,2600000.000,3200000.000,3500000.000,-400000.000,-1000000.000,2800000.000,1700000.000,2500000.000,800000.000,2100000.000,3400000.000
UnrecognizedTaxBenefitsPeriodIncreaseDecrease,12200000.000,,,,-83000000.000,,,,10700000.000,,,,5500000.000,,,,7400000.000,,,,5300000.000,,,,900000.000,
WeightedAverageNumberDilutedSharesOutstandingAdjustment,2500000.000,3300000.000,3000000.000,-5700000.000,4000000.000,3300000.000,3600000.000,-7500000.000,3900000.000,3900000.000,4200000.000,-7900000.000,4500000.000,3700000.000,3800000.000,-8000000.000,3800000.000,3100000.000,3100000.000,,,,,,,
WeightedAverageNumberOfDilutedSharesOutstanding,231400000.000,231500000.000,229000000.000,-462500000.000,227400000.000,227200000.000,226100000.000,-454100000.000,227200000.000,226200000.000,222000000.000,-451900000.000,218500000.000,215700000.000,214200000.000,-433700000.000,206500000.000,204400000.000,202500000.000,-410000000.000,197900000.000,195800000.000,194300000.000,-392600000.000,194300000.000,193800000.000
WeightedAverageNumberOfSharesOutstandingBasic,228900000.000,228200000.000,226000000.000,-456800000.000,223400000.000,223900000.000,222500000.000,-446600000.000,223300000.000,222300000.000,217800000.000,-444000000.000,214000000.000,212000000.000,210400000.000,-425700000.000,202700000.000,201300000.000,199400000.000,-403300000.000,195000000.000,193400000.000,191700000.000,-387400000.000,191100000.000,191000000.000
