,2011-03-31,2011-06-30,2011-09-30,2011-12-31,2012-03-31,2012-06-30,2012-09-30,2012-12-31,2013-03-31,2013-06-30,2013-09-30,2013-12-31,2014-03-31,2014-06-30,2014-09-30,2014-12-31,2015-03-31
AdjustmentsNoncashItemsToReconcileNetIncomeLossToCashProvidedByUsedInOperatingActivitiesOther,-232000.000,,,,,,,,,,,,,,,,
AmortizationOfFinancingCosts,587000.000,,,,503000.000,,,,505000.000,,,,577000.000,,,,659000.000
AmortizationOfIntangibleAssets,,,,,,,,,,,,,500000.000,,,,900000.000
CashAndCashEquivalentsPeriodIncreaseDecrease,-963000.000,,,,3310000.000,,,,-2805000.000,,,,4206000.000,,,,5723000.000
ComprehensiveIncomeNetOfTax,,,,,26282000.000,28246000.000,31386000.000,23416000.000,27838000.000,33131000.000,34514000.000,25415000.000,27646000.000,30310000.000,34085000.000,18511000.000,19538000.000
CostsAndExpenses,,210439000.000,215541000.000,,220125000.000,231721000.000,235465000.000,231408000.000,238373000.000,247382000.000,253155000.000,242370000.000,257881000.000,269071000.000,270022000.000,264285000.000,279567000.000
DebtInstrumentPeriodicPayment,,,,,,,,,,,,,500000.000,,,,
DeferredIncomeTaxExpenseBenefit,741000.000,,,,5360000.000,,,,4582000.000,,,,-77000.000,,,,339000.000
DepreciationAndAmortization,23624000.000,24663000.000,25358000.000,25198000.000,26960000.000,28861000.000,29396000.000,29799000.000,29262000.000,30017000.000,29956000.000,29737000.000,32138000.000,34460000.000,36654000.000,40679000.000,38736000.000
EarningsPerShareBasic,0.520,0.620,0.670,0.480,0.620,0.730,0.770,0.580,0.680,0.800,0.830,0.640,0.700,0.760,0.910,0.580,0.650
EarningsPerShareDiluted,0.510,0.610,0.660,0.480,0.620,0.730,0.770,0.540,0.670,0.800,0.830,0.630,0.690,0.760,0.910,0.580,0.650
EffectOfExchangeRateOnCashAndCashEquivalents,,,,,,,,,-26000.000,,,,-68000.000,,,,-50000.000
ExcessTaxBenefitFromShareBasedCompensationFinancingActivities,2074000.000,,,,8118000.000,,,,4657000.000,,,,846000.000,,,,1146000.000
ExcessTaxBenefitFromShareBasedCompensationOperatingActivities,2074000.000,,,,8118000.000,,,,4657000.000,,,,846000.000,,,,1146000.000
GainLossOnDispositionOfAssets,-137000.000,,,,2000.000,,,,228000.000,,,,416000.000,,,,104000.000
GeneralAndAdministrativeExpense,12651000.000,12112000.000,12544000.000,17429000.000,13703000.000,13856000.000,13631000.000,14525000.000,15356000.000,15713000.000,14531000.000,13386000.000,15864000.000,14496000.000,15921000.000,16831000.000,16358000.000
GoodwillAcquiredDuringPeriod,,,,,,,,,,,,,10000000.000,,,,
IncomeLossFromContinuingOperationsBeforeIncomeTaxesExtraordinaryItemsNoncontrollingInterest,,,45154000.000,,42418000.000,50433000.000,53273000.000,38111000.000,46591000.000,54670000.000,56799000.000,42307000.000,46520000.000,49111000.000,57250000.000,35240000.000,40644000.000
IncomeLossFromEquityMethodInvestments,301000.000,326000.000,346000.000,326000.000,373000.000,395000.000,375000.000,339000.000,346000.000,378000.000,379000.000,296000.000,297000.000,270000.000,255000.000,234000.000,245000.000
IncomeTaxExpenseBenefit,14224000.000,16937000.000,18163000.000,12486000.000,16746000.000,20141000.000,21129000.000,14681000.000,18490000.000,21483000.000,22413000.000,16269000.000,18205000.000,19307000.000,22849000.000,13390000.000,16041000.000
IncomeTaxesPaid,,,,,1200000.000,,,,8900000.000,,,,1300000.000,,,,1800000.000
IncreaseDecreaseInAccountsPayable,,,,,1330000.000,,,,2723000.000,,,,684000.000,,,,6945000.000
IncreaseDecreaseInAccountsReceivable,,,,,-389000.000,,,,-794000.000,,,,3943000.000,,,,3589000.000
IncreaseDecreaseInAccruedLiabilities,,,,,9991000.000,,,,8921000.000,,,,6513000.000,,,,3131000.000
IncreaseDecreaseInDeferredRevenue,,,,,6176000.000,,,,6543000.000,,,,6336000.000,,,,9482000.000
IncreaseDecreaseInIncomeTaxesReceivable,,,,,-2009000.000,,,,0.000,,,,-6698000.000,,,,-12596000.000
IncreaseDecreaseInOperatingCapital,,,,,-19789000.000,,,,-16645000.000,,,,-14889000.000,,,,-16019000.000
IncreaseDecreaseInOtherNoncurrentLiabilities,,,,,429000.000,,,,466000.000,,,,88000.000,,,,314000.000
IncreaseDecreaseInOtherOperatingCapitalNet,-13196000.000,,,,,,,,,,,,,,,,
IncreaseDecreaseInPrepaidDeferredExpenseAndOtherAssets,,,,,1506000.000,,,,2146000.000,,,,5539000.000,,,,9826000.000
IncreaseDecreaseInRestrictedCash,47000.000,,,,177000.000,,,,275000.000,,,,287000.000,,,,302000.000
InterestExpense,5504000.000,,,,,,,,,,,,,,,,
InterestIncomeExpenseNonoperatingNet,,-4697000.000,-5072000.000,,-6277000.000,-6545000.000,-6510000.000,-6143000.000,-6129000.000,-6434000.000,-6436000.000,-6657000.000,-7851000.000,-8652000.000,-9828000.000,-15965000.000,-11166000.000
InterestPaidCapitalized,,,,,500000.000,,,,500000.000,,,,800000.000,,,,900000.000
InterestPaidNet,,,,,5600000.000,,,,5100000.000,,,,7100000.000,,,,10500000.000
InvestmentIncomeInterest,1000.000,1000.000,0.000,0.000,0.000,1000.000,,,,,,,,,,,
MarketingAndAdvertisingExpense,8563000.000,8997000.000,8940000.000,9818000.000,10356000.000,9689000.000,8826000.000,11060000.000,10959000.000,9629000.000,9758000.000,12366000.000,12339000.000,9733000.000,9611000.000,11170000.000,15864000.000
MembershipDuesRevenueOnGoing,158013000.000,167013000.000,171504000.000,166909000.000,175470000.000,184895000.000,187568000.000,179663000.000,186374000.000,194816000.000,195657000.000,189999000.000,196815000.000,205164000.000,208233000.000,200495000.000,207822000.000
NetCashProvidedByUsedInFinancingActivities,-21747000.000,,,,-26222000.000,,,,-19536000.000,,,,21713000.000,,,,5509000.000
NetCashProvidedByUsedInFinancingActivitiesContinuingOperations,-21747000.000,,,,-26222000.000,,,,-19536000.000,,,,21713000.000,,,,5509000.000
NetCashProvidedByUsedInInvestingActivities,-39339000.000,,,,-44371000.000,,,,-59474000.000,,,,-95099000.000,,,,-82833000.000
NetCashProvidedByUsedInInvestingActivitiesContinuingOperations,-39339000.000,,,,-44371000.000,,,,-59474000.000,,,,-95099000.000,,,,-82833000.000
NetCashProvidedByUsedInOperatingActivities,60123000.000,,,,73903000.000,,,,76231000.000,,,,77660000.000,,,,83097000.000
NetCashProvidedByUsedInOperatingActivitiesContinuingOperations,60123000.000,,,,73903000.000,,,,76231000.000,,,,77660000.000,,,,83097000.000
NetIncomeLoss,20836000.000,24947000.000,26991000.000,19843000.000,25672000.000,30292000.000,32144000.000,23430000.000,28101000.000,33187000.000,34386000.000,26038000.000,28315000.000,29804000.000,34401000.000,21850000.000,24603000.000
NonoperatingIncomeExpense,,-4371000.000,-4726000.000,,-5904000.000,-6150000.000,-6135000.000,-5804000.000,-5783000.000,-6056000.000,-6057000.000,-6361000.000,-7554000.000,-8382000.000,-9573000.000,-15731000.000,-10921000.000
OperatingExpenses,200382000.000,,,,,,,,,,,,,,,,
OperatingIncomeLoss,40263000.000,46255000.000,49880000.000,36868000.000,48322000.000,56583000.000,59408000.000,43915000.000,52374000.000,60726000.000,62856000.000,48668000.000,54074000.000,57493000.000,66823000.000,50971000.000,51565000.000
OtherComprehensiveIncomeDerivativesQualifyingAsHedgesNetOfTaxPeriodIncreaseDecrease,,,,,-119000.000,-1355000.000,,,,,,,,,,,
OtherComprehensiveIncomeForeignCurrencyTransactionAndTranslationAdjustmentNetOfTaxPeriodIncreaseDecrease,,,,,729000.000,-691000.000,,,,,,,,,,,
OtherComprehensiveIncomeForeignCurrencyTranslationAdjustmentTax,,,,,-287000.000,276000.000,,,,,,,,,,,
OtherComprehensiveIncomeLossDerivativesQualifyingAsHedgesNetOfTax,,,,,,,-650000.000,,321000.000,1067000.000,-221000.000,207000.000,215000.000,13000.000,481000.000,150000.000,43000.000
OtherComprehensiveIncomeLossForeignCurrencyTransactionAndTranslationAdjustmentNetOfTax,,,,,,,-108000.000,,-584000.000,-1123000.000,349000.000,-830000.000,-884000.000,493000.000,-797000.000,-3489000.000,-5108000.000
OtherComprehensiveIncomeLossForeignCurrencyTranslationAdjustmentTax,,,,,,,81000.000,,385000.000,738000.000,-251000.000,713000.000,609000.000,-337000.000,526000.000,-798000.000,0.000
OtherComprehensiveIncomeLossNetOfTax,,,,,,,-758000.000,,-263000.000,-56000.000,128000.000,-623000.000,-669000.000,506000.000,-316000.000,-3339000.000,-5065000.000
OtherComprehensiveIncomeLossNetOfTaxPeriodIncreaseDecrease,,,,,610000.000,-2046000.000,,,,,,,,,,,
OtherComprehensiveIncomeUnrealizedGainLossOnDerivativesArisingDuringPeriodTax,,,,,79000.000,904000.000,434000.000,-188000.000,-214000.000,-711000.000,147000.000,-138000.000,-143000.000,-9000.000,-321000.000,-99000.000,-29000.000
OtherCostAndExpenseOperating,5992000.000,8013000.000,9392000.000,12165000.000,8391000.000,12761000.000,14091000.000,16927000.000,12834000.000,15225000.000,18479000.000,17863000.000,14422000.000,16377000.000,14804000.000,21417000.000,15317000.000
OtherNonoperatingIncomeExpense,-5203000.000,,,,,,,,,,,,,,,,
OtherOperatingActivitiesCashFlowStatement,,,,,-139000.000,,,,-809000.000,,,,-206000.000,,,,859000.000
OtherSalesRevenueNet,3742000.000,4696000.000,8773000.000,6103000.000,4407000.000,9362000.000,12903000.000,9068000.000,9006000.000,12444000.000,19522000.000,8628000.000,13612000.000,14022000.000,17590000.000,11512000.000,13835000.000
PaymentsForRepurchaseOfCommonStock,547000.000,,,,,,,,19349000.000,,,,60498000.000,,,,0.000
PaymentsOfFinancingCosts,0.000,,,,10000.000,,,,465000.000,,,,947000.000,,,,0.000
PaymentsToAcquireBusinessesNetOfCashAcquired,1245000.000,,,,6578000.000,,,,0.000,,,,12400000.000,,,,0.000
PaymentsToAcquirePropertyPlantAndEquipment,38363000.000,,,,38477000.000,,,,59145000.000,,,,82826000.000,,,,81976000.000
ProceedsFromInsuranceSettlementInvestingActivities,,,,,670000.000,,,,121000.000,,,,0.000,,,,
ProceedsFromIssuanceOfLongTermDebt,,,,,,,,,75000000.000,,,,80000000.000,,,,0.000
ProceedsFromRepaymentsOfLinesOfCredit,,,,,-34600000.000,,,,-78400000.000,,,,5300000.000,,,,10500000.000
ProceedsFromSaleOfPropertyPlantAndEquipment,338000.000,,,,363000.000,,,,555000.000,,,,447000.000,,,,230000.000
ProceedsFromStockOptionsExercised,774000.000,,,,1972000.000,,,,872000.000,,,,2139000.000,,,,1103000.000
ProceedsFromStockPlans,336000.000,,,,388000.000,,,,414000.000,,,,483000.000,,,,547000.000
RepaymentsOfLongTermDebt,2184000.000,,,,1441000.000,,,,1696000.000,,,,4909000.000,,,,6594000.000
Revenues,240645000.000,256694000.000,265421000.000,250914000.000,268447000.000,288304000.000,294873000.000,275323000.000,290747000.000,308108000.000,316011000.000,291038000.000,311955000.000,326564000.000,336845000.000,315256000.000,331132000.000
SalesRevenueNet,240645000.000,256694000.000,265421000.000,250914000.000,268447000.000,288304000.000,294873000.000,275323000.000,290747000.000,308108000.000,316011000.000,291038000.000,311955000.000,326564000.000,336845000.000,315256000.000,331132000.000
ShareBasedCompensation,3308000.000,3100000.000,3505000.000,9854000.000,3878000.000,3434000.000,3550000.000,3824000.000,2830000.000,3456000.000,3124000.000,3059000.000,3286000.000,3491000.000,3102000.000,3024000.000,3132000.000
ShareBasedCompensationArrangementByShareBasedPaymentAwardEquityInstrumentsOtherThanOptionsForfeitedInPeriod,,,-2677.000,,-6970.000,-11137.000,-3399.000,51795.000,,,,,,,,,
ShareBasedCompensationArrangementByShareBasedPaymentAwardEquityInstrumentsOtherThanOptionsForfeituresWeightedAverageGrantDateFairValue,,,,,,,35.420,,,,,,,,,,
ShareBasedCompensationArrangementByShareBasedPaymentAwardEquityInstrumentsOtherThanOptionsGrantsInPeriod,,,2904.000,,331750.000,623276.000,84500.000,12940.000,,,,,,,,,
ShareBasedCompensationArrangementByShareBasedPaymentAwardEquityInstrumentsOtherThanOptionsGrantsInPeriodWeightedAverageGrantDateFairValue,,,37.650,,50.470,46.000,44.500,-93.690,,,,,,,,,
ShareBasedCompensationArrangementByShareBasedPaymentAwardEquityInstrumentsOtherThanOptionsVestedInPeriod,,,-12991.000,,-803687.000,-33517.000,-8426.000,1700722.000,,,,,,,,,
ShareBasedCompensationArrangementByShareBasedPaymentAwardEquityInstrumentsOtherThanOptionsVestedInPeriodWeightedAverageGrantDateFairValue,,,40.650,,21.980,31.940,37.880,-69.260,,,,,,,,,
ShareBasedCompensationArrangementByShareBasedPaymentAwardOptionsExercisableWeightedAverageRemainingContractualTerm,,,3.100,,2.800,,,,,,,,,,,,
ShareBasedCompensationArrangementByShareBasedPaymentAwardOptionsExercisesInPeriodTotalIntrinsicValue,,,,,3000000.000,,,,900000.000,,,,3200000.000,,,,1000000.000
ShareBasedCompensationArrangementByShareBasedPaymentAwardOptionsForfeituresAndExpirationsInPeriod,,,0.000,,0.000,0.000,0.000,,0.000,-1600.000,0.000,,5039.000,,,,0.000
ShareBasedCompensationArrangementByShareBasedPaymentAwardOptionsForfeituresAndExpirationsInPeriodWeightedAverageExercisePrice,,,0.000,,0.000,0.000,0.000,,0.000,8.000,0.000,,44.660,,,,0.000
ShareBasedCompensationArrangementsByShareBasedPaymentAwardOptionsExercisesInPeriodWeightedAverageExercisePrice,,,,,,,30.770,,21.440,26.330,24.470,,19.160,,,,31.520
StockIssuedDuringPeriodSharesStockOptionsExercised,,10905.000,-15350.000,,-101040.000,-350.000,-3450.000,,40675.000,-8967.000,18600.000,,111675.000,,,,35000.000
StockRepurchaseProgramAuthorizedAmount,,,,,,,,,21600000.000,,,,,,,,
StockRepurchasedDuringPeriodShares,,,,,,,,,451334.000,,,,,,,,
StockRepurchasedDuringPeriodValue,,,,,,,,,19349000.000,,,,,,,,
SubsidiaryOrEquityMethodInvesteeCumulativePercentageOwnershipAfterAllTransactions,,,,,,0.550,,,,,,,,,,,
WeightedAverageNumberOfDilutedSharesOutstanding,40949000.000,40771000.000,40868000.000,-81658000.000,41675000.000,41750000.000,41881000.000,-83334000.000,41646000.000,41659000.000,41613000.000,-83436000.000,40870000.000,39255000.000,37913000.000,-79110000.000,37899000.000
WeightedAverageNumberOfSharesOutstandingBasic,40362000.000,40381000.000,40421000.000,-80806000.000,41174000.000,41462000.000,41484000.000,-82775000.000,41295000.000,41456000.000,41307000.000,-82795000.000,40603000.000,39128000.000,37755000.000,-78693000.000,37812000.000
