,2011-06-30,2011-09-30,2012-03-31,2012-06-30,2012-09-30,2012-12-31,2013-03-31,2013-06-30,2013-09-30,2013-12-31,2014-03-31,2014-06-30,2014-09-30,2014-12-31,2015-03-31,2015-06-30,2015-09-30,2015-12-31,2016-03-31,2016-06-30,2016-09-30,2016-12-31,2017-03-31
AdjustmentsToAdditionalPaidInCapitalConvertibleDebtWithConversionFeature,,,,,,,15000.000,,,,,,,,,,,,,,,,
AdjustmentsToAdditionalPaidInCapitalSharebasedCompensationRequisiteServicePeriodRecognitionValue,,,2266000.000,,,,3001000.000,,,,,,,,,,,,,,,,
AdjustmentsToAdditionalPaidInCapitalTaxEffectFromShareBasedCompensation,,,984000.000,,,,902000.000,,,,,,,,,,,,,,,,
AllocatedShareBasedCompensationExpense,,,,2539000.000,1905000.000,,3001000.000,2179000.000,3983000.000,,,,,,,,,,,,,,
AmortizationOfDebtDiscountPremium,,,,,,,607000.000,,,,,,,,,,,,,,,,
AmortizationOfFinancingCostsAndDiscounts,,,466000.000,,,,1517000.000,,,,5254000.000,,,,8141000.000,,,,,,,,
AntidilutiveSecuritiesExcludedFromComputationOfEarningsPerShareAmount,,,,391900.000,210000.000,,0.000,,,,0.000,0.000,0.000,0.000,0.000,0.000,,,,,,,
AssetImpairmentCharges,,,10349000.000,,,,,,,,,,,,,,,,,,,,
CashAndCashEquivalentsPeriodIncreaseDecrease,,,7399000.000,,,,12394000.000,,,,,,,,,,,,,,,,
CashAndCashEquivalentsPeriodIncreaseDecreaseExcludingExchangeRateEffect,,,,,,,,,,,65272000.000,,,,11608000.000,,,,-10838000.000,,,,6462000.000
CashDivestedFromDeconsolidation,,,,,,,,,,,,,,,,,,,38400000.000,,,,
CashProvidedByUsedInInvestingActivitiesDiscontinuedOperations,,,,,,,,,,,,,,,,,,,14685000.000,,,,0.000
CashProvidedByUsedInOperatingActivitiesDiscontinuedOperations,,,,,,,,,,,,,,,,,,,2096000.000,,,,0.000
CertainLoansAcquiredInTransferNotAccountedForAsDebtSecuritiesAccretableYieldAccretion,111093000.000,115843000.000,126405000.000,138731000.000,140682000.000,,,152024000.000,225387000.000,,237568000.000,248231000.000,251785000.000,255248000.000,264110000.000,270301000.000,265523000.000,272502000.000,270094000.000,267452000.000,159534000.000,249535000.000,251970000.000
CertainLoansAcquiredInTransferNotAccountedForAsDebtSecuritiesAccretableYieldAdditions,,,,,,,,,,,,,,,,,114370000.000,,47609000.000,154594000.000,322074000.000,,-32692000.000
CertainLoansAcquiredInTransferNotAccountedForAsDebtSecuritiesAllowanceForLoanLossesDecreases1,,,,,,,,3674000.000,2978000.000,,3230000.000,3422000.000,5803000.000,4952000.000,2859000.000,4360000.000,5061000.000,2805000.000,2191000.000,2479000.000,2564000.000,2600000.000,2132000.000
CertainLoansAcquiredInTransferNotAccountedForAsDebtSecuritiesProvisionForLoanLosses1,,,,,,,,,,,0.000,0.000,0.000,0.000,,,8322000.000,,,,-94011000.000,,
ComprehensiveIncomeNetOfTax,,,12088000.000,14806000.000,23149000.000,19628000.000,19954000.000,8855000.000,23133000.000,28834000.000,25065000.000,26948000.000,24044000.000,25021000.000,8871000.000,34989000.000,-23134000.000,-29101000.000,15494000.000,4152000.000,-12193000.000,22028000.000,33236000.000
ComprehensiveIncomeNetOfTaxAttributableToNoncontrollingInterest,,,,,,,,,1811000.000,,-4498000.000,-1590000.000,-1569000.000,-1260000.000,-1040000.000,-1542000.000,-713000.000,2154000.000,575000.000,2505000.000,-50537000.000,-32469000.000,-3869000.000
ComprehensiveIncomeNetOfTaxIncludingPortionAttributableToNoncontrollingInterest,,,,,,,,,24944000.000,,20567000.000,25358000.000,22475000.000,23761000.000,7831000.000,33447000.000,-23847000.000,-26947000.000,16069000.000,6657000.000,-62730000.000,-10441000.000,29367000.000
DebtInstrumentConvertibleEffectiveInterestRate,,,,,,,0.060,,,,,,,,,,,,,,,,
DebtInstrumentInterestRateDuringPeriod,,,,,,,,,,,,,,,,0.024,0.033,,0.035,0.035,0.036,-0.070,0.038
DebtInstrumentInterestRateStatedPercentageRateRangeMaximum,,,,,,,0.077,,,,0.114,,,,0.110,,,,0.059,,,,
DebtInstrumentInterestRateStatedPercentageRateRangeMinimum,,,,,,,0.000,,,,0.000,,,,0.000,,,,0.000,,,,
DebtIssuanceCosts,,,,,,,3300000.000,,,,,,,,,,,,,,,,
DeferredIncomeTaxExpenseBenefit,,,623000.000,,,,,,,,4767000.000,,,,-4276000.000,,,,-21588000.000,,,,-4040000.000
DepreciationAndAmortization,1105000.000,1194000.000,1363000.000,1420000.000,1533000.000,1524000.000,1846000.000,2158000.000,4523000.000,5020000.000,6117000.000,6829000.000,6933000.000,8070000.000,8350000.000,8084000.000,8235000.000,9276000.000,9861000.000,8235000.000,8032000.000,8740000.000,8625000.000
DepreciationDepletionAndAmortization,,,,,,,1846000.000,,,,6117000.000,,,,8350000.000,,,,9861000.000,,,,8625000.000
DerivativeInstrumentsLossReclassifiedFromAccumulatedOCIIntoIncomeEffectivePortion,,,,,0.000,,0.000,0.000,0.000,,,,,,,,,,,,,,
DerivativeLossOnDerivative,,,,,,,600000.000,,,,,,,,,,,,,,,,
DiscontinuedOperationGainLossFromDisposalOfDiscontinuedOperationBeforeIncomeTax,,,,-2416000.000,,,,,,,,,,,,,,,,,,,
DiscontinuedOperationGainLossOnDisposalOfDiscontinuedOperationNetOfTax,,,,1830000.000,,,,,,,,,,,,,,,-1830000.000,,,,
DiscontinuedOperationIncomeLossFromDiscontinuedOperationDuringPhaseOutPeriodBeforeIncomeTax,,,,-924000.000,,,,,-500000.000,,,,,,,,,,,,,,
DiscontinuedOperationIncomeLossFromDiscontinuedOperationDuringPhaseOutPeriodNetOfTax,,,,-562000.000,,,,,-308000.000,,,,,,,,,,-1352000.000,,,,-322000.000
DiscontinuedOperationTaxEffectOfIncomeLossFromDiscontinuedOperationDuringPhaseOutPeriod,,,,-362000.000,,,,,-192000.000,,,,,,,,,,,,,,
DiscontinuedOperationTaxEffectOfIncomeLossFromDisposalOfDiscontinuedOperation,,,,586000.000,,,,,,,,,,,,,,,,,,,
DisposalGroupIncludingDiscontinuedOperationOperatingExpense,,,,,,,,,500000.000,,,,,,,,,,,,,,
DisposalGroupIncludingDiscontinuedOperationRevenue,,,,1892000.000,,,,,,,,,,,,,,,,,,,
EarningsPerShareBasic,0.600,0.620,0.460,0.670,0.850,,,0.460,0.860,,0.900,0.910,1.170,1.030,1.130,1.070,-0.430,-0.020,1.010,1.150,-0.060,0.880,0.850
EarningsPerShareDiluted,0.580,0.600,0.440,0.640,0.820,,,0.440,0.810,,0.820,0.860,1.110,0.980,1.080,1.030,-0.430,0.010,0.990,1.140,-0.060,0.890,0.850
EffectOfExchangeRateOnCashAndCashEquivalents,,,,,,,,,,,4904000.000,,,,438000.000,,,,1858000.000,,,,3704000.000
EffectiveIncomeTaxRateContinuingOperations,,,,0.404,0.395,,0.393,0.398,0.325,-0.740,0.384,0.396,0.252,-0.686,0.346,0.388,-0.343,-0.168,0.254,0.304,-0.210,0.318,0.443
EffectiveIncomeTaxRateReconciliationAtFederalStatutoryIncomeTaxRate,,,,0.327,0.327,,0.327,0.327,0.350,-0.654,0.350,0.350,0.350,-0.700,0.350,0.350,-0.350,0.000,0.350,0.350,-0.350,0.000,0.350
EffectiveIncomeTaxRateReconciliationChangeInEnactedTaxRate,,,,,,,,,-0.040,,,,,,,,,,,,,,
EffectiveIncomeTaxRateReconciliationForeignIncomeTaxRateDifferential,,,,,,,,,-0.048,,-0.034,-0.019,-0.087,0.104,-0.060,-0.045,-0.234,0.214,-0.098,-0.091,0.160,-0.007,0.043
EffectiveIncomeTaxRateReconciliationNondeductibleExpense,,,,,,,,,0.011,,0.023,0.035,0.057,-0.072,0.002,0.032,0.017,0.045,0.008,0.004,0.003,0.132,0.008
EffectiveIncomeTaxRateReconciliationOtherAdjustments,,,,,,,,0.005,,,,,0.000,,,,,,,,,,
EffectiveIncomeTaxRateReconciliationOtherReconcilingItemsPercent,,,,,,,,,,,0.007,-0.008,-0.106,0.043,0.000,0.006,-0.008,0.036,-0.046,0.001,-0.001,0.053,0.009
EffectiveIncomeTaxRateReconciliationStateAndLocalIncomeTaxes,,,,0.023,0.023,,0.023,0.066,0.052,-0.083,0.058,0.058,0.058,-0.092,0.082,0.069,-0.044,-0.119,0.062,0.062,-0.022,-0.079,0.033
ExcessTaxBenefitFromShareBasedCompensationFinancingActivities,,,1067000.000,,,,983000.000,,,,2629000.000,,,,637000.000,,,,0.000,,,,
ExcessTaxBenefitFromShareBasedCompensationOperatingActivities,,,1067000.000,,,,983000.000,,,,2629000.000,,,,637000.000,,,,0.000,,,,
FeesAndCommissionsOther,4737000.000,4720000.000,3817000.000,,,,,,,,,,,,,,,,,,,,
GeneralAndAdministrativeExpense,9623000.000,11172000.000,14132000.000,18582000.000,14091000.000,14993000.000,16342000.000,27601000.000,33486000.000,32284000.000,36694000.000,38282000.000,35532000.000,35778000.000,32612000.000,39166000.000,88002000.000,37047000.000,35239000.000,32934000.000,34871000.000,31002000.000,33318000.000
GoodwillAcquiredDuringPeriod,,,,,,,,,,,329943000.000,,,,,,,,623000.000,,,,
GoodwillForeignCurrencyTranslationGainLoss,,,,,,,,,,,,,,,,,,,,,,,11376000.000
GoodwillPurchaseAccountingAdjustments,,,,,,,,,,,3457000.000,,,,2410000.000,,,,-15662000.000,,,,
GoodwillTranslationAdjustments,,,,,,,,,,,6954000.000,,,,-34642000.000,,,,-19304000.000,,,,
IncomeLossBeforeExtraordinaryItemsAndCumulativeEffectOfChangeInAccountingPrinciplePerBasicShare,,,,0.670,0.850,,0.830,0.460,,,,,,,,,,,,,,,
IncomeLossBeforeExtraordinaryItemsAndCumulativeEffectOfChangeInAccountingPrinciplePerDilutedShare,,,,0.640,0.820,,0.800,0.440,,,,,,,,,,,,,,,
IncomeLossFromContinuingOperations,,,,,,,,,22194000.000,,,,30335000.000,,,,,,28876000.000,29588000.000,-1524000.000,21983000.000,22297000.000
IncomeLossFromContinuingOperationsBeforeIncomeTaxesMinorityInterestAndIncomeLossFromEquityMethodInvestments,24261000.000,25238000.000,18750000.000,31834000.000,35195000.000,44546000.000,32019000.000,18279000.000,31644000.000,38926000.000,30572000.000,35363000.000,40292000.000,46388000.000,45850000.000,41149000.000,-14251000.000,-11767000.000,39937000.000,44284000.000,-65714000.000,38868000.000,27245000.000
IncomeLossFromContinuingOperationsIncludingPortionAttributableToNoncontrollingInterest,,,,18988000.000,21308000.000,,19448000.000,11012000.000,21372000.000,23648000.000,,,30138000.000,,,,,,29789000.000,30833000.000,-51946000.000,10494000.000,15178000.000
IncomeLossFromContinuingOperationsPerBasicShare,,,,0.760,0.850,,0.830,0.460,0.870,0.960,,,1.170,,,,,,1.130,1.150,-0.060,0.850,0.860
IncomeLossFromContinuingOperationsPerDilutedShare,,,,0.740,0.820,,0.800,0.440,0.820,0.880,,,1.110,,,,,,1.120,1.140,-0.060,0.850,0.850
IncomeLossFromDiscontinuedOperationsNetOfTax,,,,-2392000.000,,,,,-308000.000,,,,0.000,,,,,,-3182000.000,0.000,0.000,829000.000,-199000.000
IncomeLossFromDiscontinuedOperationsNetOfTaxAttributableToReportingEntity,,,,,,,,,-308000.000,,,,0.000,,,,,,-3182000.000,0.000,0.000,829000.000,-199000.000
IncomeLossFromDiscontinuedOperationsNetOfTaxPerBasicShare,,,,-0.100,0.000,,0.000,,-0.010,,,,0.000,,,,,,-0.120,0.000,0.000,0.030,-0.010
IncomeLossFromDiscontinuedOperationsNetOfTaxPerDilutedShare,,,,-0.100,0.000,,0.000,,-0.010,,,,0.000,,,,,,-0.130,0.000,0.000,0.040,0.000
IncomeTaxExpenseBenefit,9486000.000,9868000.000,7344000.000,12846000.000,13887000.000,17677000.000,12571000.000,7267000.000,10272000.000,15278000.000,11742000.000,14010000.000,10154000.000,16819000.000,15883000.000,15964000.000,-4887000.000,-13363000.000,10148000.000,13451000.000,-13768000.000,28374000.000,12067000.000
IncomeTaxesPaid,,,4075000.000,,,,7520000.000,,,,6103000.000,,,,14651000.000,,,,,,,,
IncreaseDecreaseInAccountsPayableAndAccruedLiabilities,,,853000.000,,,,-2980000.000,,,,-24446000.000,,,,-16338000.000,,,,-14023000.000,,,,-16095000.000
IncreaseDecreaseInAccruedIncomeTaxesPayable,,,2130000.000,,,,4314000.000,,,,3123000.000,,,,6166000.000,,,,18824000.000,,,,15260000.000
IncreaseDecreaseInDeferredCharges,,,1333000.000,,,,41000.000,,,,,,,,,,,,,,,,
IncreaseDecreaseInOtherOperatingAssets,,,326000.000,,,,1630000.000,,,,15213000.000,,,,15029000.000,,,,-1233000.000,,,,2413000.000
IncrementalCommonSharesAttributableToCallOptionsAndWarrants,,,,,,,,,,,80000.000,0.000,0.000,-76000.000,0.000,0.000,0.000,0.000,,,,,
IncrementalCommonSharesAttributableToContingentlyIssuableShares,,,,,,,,40000.000,,,,,,,,,,,,,,,
IncrementalCommonSharesAttributableToConversionOfDebtSecurities,,,,,,,,40000.000,805000.000,,1461000.000,1043000.000,1043000.000,-2465000.000,874000.000,838000.000,0.000,-1040000.000,0.000,0.000,0.000,0.000,
IncrementalCommonSharesAttributableToShareBasedPaymentArrangements,,,,906000.000,976000.000,,968000.000,849000.000,843000.000,-1710000.000,906000.000,651000.000,410000.000,-1411000.000,369000.000,196000.000,0.000,-312000.000,318000.000,132000.000,0.000,-254000.000,211000.000
InterestAndDividendIncomeOperating,,,,2982000.000,5585000.000,,4715000.000,,,,,,,,,,,,,,,,
InterestExpense,5369000.000,5175000.000,5515000.000,650000.000,1475000.000,-4218000.000,1113000.000,7482000.000,29186000.000,35488000.000,37962000.000,43218000.000,43498000.000,42264000.000,42303000.000,46250000.000,47816000.000,50187000.000,50691000.000,50597000.000,48632000.000,48447000.000,49198000.000
InterestExpenseDebt,,,,,,,1465000.000,,,,,,,,,,,,,,,,
InterestExpenseOther,,,,6497000.000,7012000.000,,6854000.000,,,,,,,,,,,,,,,,
InterestIncomeExpenseNet,,,,2332000.000,4110000.000,,3602000.000,3717000.000,4379000.000,4208000.000,4824000.000,6815000.000,8052000.000,8278000.000,7143000.000,6943000.000,7715000.000,6639000.000,,,,,
InterestIncomeOperating,,,,,,,,5051000.000,,,,,,,,,,,,,,,
InterestPaid,,,5119000.000,,,,5485000.000,,,,41130000.000,,,,18857000.000,,,,,,,,
LaborAndRelatedExpense,,,,,25397000.000,,28832000.000,32969000.000,52253000.000,50986000.000,58137000.000,64355000.000,61175000.000,62580000.000,67748000.000,67545000.000,64976000.000,70065000.000,69642000.000,75499000.000,67783000.000,68173000.000,68278000.000
LineOfCreditFacilityIncreaseAdditionalBorrowings,,,,,,,180000000.000,,,,,,,,,,,,,,,,
LineOfCreditFacilityInterestRateDuringPeriod,,,,0.041,0.042,,0.031,,,,,,,,,,,,,,,,
LongTermPurchaseCommitmentAmount,,,,,,,876700000.000,,,,0.000,,,,,,,,,,,,
LossContingencyLossInPeriod,,,,4000000.000,,,,,,,,,,,,,,,,,,,
MinorityInterestChangeInRedemptionValue,,,,,,,,,,,3271000.000,,,,664000.000,,,,408000.000,,,,3563000.000
NetCashProvidedByUsedInFinancingActivities,,,7350000.000,,,,-65950000.000,,,,420853000.000,,,,-12273000.000,,,,-61487000.000,,,,28293000.000
NetCashProvidedByUsedInFinancingActivitiesContinuingOperations,,,7350000.000,,,,-65950000.000,,,,420853000.000,,,,-12273000.000,,,,-61487000.000,,,,28293000.000
NetCashProvidedByUsedInInvestingActivities,,,-27054000.000,,,,54651000.000,,,,-352990000.000,,,,4491000.000,,,,18796000.000,,,,-48991000.000
NetCashProvidedByUsedInInvestingActivitiesContinuingOperations,,,-27054000.000,,,,54651000.000,,,,-352990000.000,,,,4491000.000,,,,4111000.000,,,,-48991000.000
NetCashProvidedByUsedInOperatingActivities,,,27103000.000,,,,23693000.000,,,,-2591000.000,,,,19390000.000,,,,31853000.000,,,,27160000.000
NetCashProvidedByUsedInOperatingActivitiesContinuingOperations,,,27103000.000,,,,23693000.000,,,,-2591000.000,,,,19390000.000,,,,29757000.000,,,,27160000.000
NetIncomeLoss,14775000.000,15370000.000,11406000.000,16596000.000,21308000.000,20167000.000,19448000.000,11012000.000,21886000.000,22953000.000,23180000.000,23561000.000,30335000.000,26650000.000,29425000.000,27657000.000,-10959000.000,-988000.000,25694000.000,29588000.000,-1524000.000,22812000.000,22098000.000
NetIncomeLossAttributableToNoncontrollingInterest,,,,,,,,,-822000.000,,-4350000.000,-2208000.000,-197000.000,1307000.000,542000.000,-2472000.000,1595000.000,2584000.000,913000.000,1245000.000,-50422000.000,-11489000.000,-7119000.000
NetIncomeLossAttributableToRedeemableNoncontrollingInterest,,,,,,,,,615000.000,,3262000.000,,,,468000.000,,,,578000.000,,,,-5643000.000
NoncashOrPartNoncashAcquisitionFixedAssetsAcquired1,,,1564000.000,,,,674000.000,,,,1169000.000,,,,1290000.000,,,,,,,,
NoncontrollingInterestIncreaseFromBusinessCombination,,,,,,,,,,,,,,,,,,,,,,,277000.000
NonoperatingIncomeExpense,-5346000.000,-5521000.000,-5248000.000,-6420000.000,-5976000.000,-6207000.000,-6394000.000,-11604000.000,-29485000.000,-30008000.000,-37697000.000,-43143000.000,-44030000.000,-41959000.000,-40186000.000,-45855000.000,-48740000.000,-49540000.000,-43567000.000,-47463000.000,-44532000.000,-48577000.000,-48596000.000
OperatingExpenses,86223000.000,89804000.000,106224000.000,102809000.000,103621000.000,89042000.000,105872000.000,126238000.000,174429000.000,168466000.000,185472000.000,190689000.000,188960000.000,188224000.000,199627000.000,203352000.000,253307000.000,259984000.000,205513000.000,197695000.000,200597000.000,183939000.000,196100000.000
OperatingIncomeLoss,29607000.000,30759000.000,23998000.000,38254000.000,41171000.000,50753000.000,38413000.000,29883000.000,61129000.000,68934000.000,68269000.000,78506000.000,84322000.000,88347000.000,86036000.000,87004000.000,34489000.000,37773000.000,83504000.000,91747000.000,-21182000.000,87445000.000,75841000.000
OtherComprehensiveIncomeForeignCurrencyTransactionAndTranslationAdjustmentNetOfTaxPortionAttributableToNoncontrollingInterest,,,,,,,,,2633000.000,,-148000.000,618000.000,-1372000.000,-2567000.000,-1582000.000,930000.000,-2308000.000,-430000.000,-338000.000,1260000.000,-115000.000,-20980000.000,3250000.000
OtherComprehensiveIncomeForeignCurrencyTransactionAndTranslationGainLossArisingDuringPeriodNetOfTax,,,,,,,-114000.000,-583000.000,4648000.000,3741000.000,149000.000,3525000.000,-7529000.000,-4602000.000,-22649000.000,8426000.000,-14110000.000,-26889000.000,-10578000.000,-23834000.000,-11383000.000,-21787000.000,14464000.000
OtherComprehensiveIncomeLossForeignCurrencyTransactionAndTranslationAdjustmentBeforeTax,,,,,,,,,,,,,,,,,,,-11899000.000,-23866000.000,-11456000.000,-20722000.000,14464000.000
OtherComprehensiveIncomeLossForeignCurrencyTranslationAdjustmentTax,,,,,,,,,,,,,,,,,,,-1321000.000,-32000.000,-73000.000,1065000.000,0.000
OtherComprehensiveIncomeLossNetOfTaxPortionAttributableToParent,,,682000.000,-1790000.000,1841000.000,-539000.000,506000.000,-2157000.000,3880000.000,4646000.000,1737000.000,4005000.000,-7663000.000,-4196000.000,-22136000.000,8262000.000,-14483000.000,-28543000.000,-10538000.000,-24176000.000,-10784000.000,-21764000.000,14388000.000
OtherComprehensiveIncomeUnrealizedGainLossOnDerivativesArisingDuringPeriodBeforeTax,,,1122000.000,-2944000.000,3027000.000,-791000.000,,,,,,,,,,,,,66000.000,-562000.000,983000.000,-80000.000,471000.000
OtherComprehensiveIncomeUnrealizedGainLossOnDerivativesArisingDuringPeriodNetOfTax,,,682000.000,,,,620000.000,-1574000.000,-768000.000,905000.000,1588000.000,480000.000,-134000.000,406000.000,513000.000,-164000.000,-373000.000,-1654000.000,40000.000,-342000.000,599000.000,23000.000,-76000.000
OtherComprehensiveIncomeUnrealizedGainLossOnDerivativesArisingDuringPeriodTax,,,440000.000,-1154000.000,1186000.000,-252000.000,,,,,,,,,,,,,26000.000,-220000.000,384000.000,-103000.000,547000.000
OtherCostAndExpenseOperating,9191000.000,10870000.000,12411000.000,12427000.000,14829000.000,9272000.000,13265000.000,13797000.000,19056000.000,20531000.000,26423000.000,22041000.000,22061000.000,23334000.000,25234000.000,23015000.000,23953000.000,25980000.000,26343000.000,24946000.000,24131000.000,25317000.000,26360000.000
OtherNoncashIncomeExpense,,,,,,,,,,,,,,,,,,,-9533000.000,,,,-11666000.000
OtherNonoperatingIncomeExpense,23000.000,-346000.000,267000.000,77000.000,1036000.000,333000.000,460000.000,-4122000.000,-299000.000,-261000.000,265000.000,75000.000,-532000.000,305000.000,2117000.000,395000.000,-924000.000,647000.000,7124000.000,3134000.000,4100000.000,-130000.000,602000.000
OtherSalesRevenueNet,,,,,,,,380000.000,5792000.000,,11349000.000,14149000.000,13445000.000,13045000.000,14410000.000,13112000.000,14558000.000,18616000.000,18923000.000,21990000.000,19881000.000,21849000.000,19971000.000
PaymentsForHedgeFinancingActivities,,,,,,,,,,,33576000.000,,,,0.000,,,,,,,,
PaymentsForProceedsFromDerivativeInstrumentInvestingActivities,,,,,,,,,,,,,,,,,,,,,,,1942000.000
PaymentsForProceedsFromOtherInvestingActivities,,,,,,,,,,,,,,,298000.000,,,,-1191000.000,,,,-1057000.000
PaymentsForRepurchaseOfCommonStock,,,,,,,729000.000,,,,,,,,,,,,,,,,
PaymentsOfFinancingCosts,,,,,,,2340000.000,,,,14222000.000,,,,4279000.000,,,,1395000.000,,,,2742000.000
PaymentsOfStockIssuanceCosts,,,,,,,500000.000,,,,,,,,,,,,,,,,
PaymentsRelatedToTaxWithholdingForShareBasedCompensation,,,2093000.000,,,,2872000.000,,,,5244000.000,,,,4554000.000,,,,3354000.000,,,,2065000.000
PaymentsToAcquireBusinessesNetOfCashAcquired,,,,,,,,,,,257726000.000,,,,0.000,,,,675000.000,,,,
PaymentsToAcquireFinanceReceivables,,,130463000.000,,,,58771000.000,,,,257175000.000,,,,143239000.000,,,,280990000.000,,,,222885000.000
PaymentsToAcquireInterestInSubsidiariesAndAffiliates,,,,,,,,,,,,,,,,,,,,,,,8805000.000
PaymentsToAcquireNotesReceivable,,,,,,,27446000.000,,,,19123000.000,,,,53516000.000,,,,,,,,
PaymentsToAcquirePropertyPlantAndEquipment,,,1555000.000,,,,2315000.000,,,,2978000.000,,,,4271000.000,,,,2252000.000,,,,6081000.000
ProceedsFromCollectionOfFinanceReceivables,,,,,,,11812000.000,,,,161927000.000,,,,164217000.000,,,,180796000.000,,,,189665000.000
ProceedsFromCollectionOfNotesReceivable,,,,,,,,,,,22085000.000,,,,41598000.000,,,,,,,,
ProceedsFromConvertibleDebt,,,,,,,,,,,161000000.000,,,,0.000,,,,,,,,150000000.000
ProceedsFromDivestitureOfBusinessesNetOfCashDivested,,,,,,,,,,,,,,,,,,,,,,,0.000
ProceedsFromIssuanceOfLongTermDebt,,,43500000.000,,,,,,,,,,,,,,,,,,,,
ProceedsFromIssuanceOfSeniorLongTermDebt,,,,,,,,,,,,,,,0.000,,,,,,,,
ProceedsFromLongTermLinesOfCredit,,,,,,,33741000.000,,,,457266000.000,,,,134285000.000,,,,185883000.000,,,,199962000.000
ProceedsFromOtherDebt,,,,,,,,,,,18864000.000,,,,,,,,,,,,
ProceedsFromPaymentsForOtherFinancingActivities,,,,,,,,,,,,,,,-3592000.000,,,,-2785000.000,,,,-876000.000
ProceedsFromSaleAndCollectionOfFinanceReceivables,,,104230000.000,,,,130493000.000,,,,,,,,,,,,,,,,
ProceedsFromSaleAndCollectionOfReceivables,,,,240560000.000,245977000.000,,270170000.000,278388000.000,379670000.000,,,,,,,,,,,,,,
ProceedsFromSecuredNotesPayable,,,,,,,,,,,288645000.000,,,,,,,,,,,,
ProceedsFromStockOptionsExercised,,,1061000.000,,,,846000.000,,,,1214000.000,,,,,,,,,,,,
ProfitLoss,,,,,,,,,21064000.000,,18830000.000,21353000.000,30138000.000,27957000.000,29967000.000,25185000.000,-9364000.000,1596000.000,26607000.000,30833000.000,-51946000.000,11323000.000,14979000.000
RepaymentsOfConvertibleDebt,,,,,,,,,,,,,,,,,,,,,,,60406000.000
RepaymentsOfLongTermCapitalLeaseObligations,,,1685000.000,,,,1279000.000,,,,,,,,,,,,,,,,
RepaymentsOfLongTermDebt,,,34500000.000,,,,,,,,,,,,,,,,,,,,
RepaymentsOfLongTermLinesOfCredit,,,,,,,91800000.000,,,,447045000.000,,,,124395000.000,,,,235151000.000,,,,258073000.000
RepaymentsOfOtherDebt,,,,,,,,,,,4537000.000,,,,,,,,,,,,
RepaymentsOfOtherLongTermDebt,,,,,,,,,,,391000.000,,,,,,,,,,,,
RepaymentsOfSecuredDebt,,,,,,,,,,,,,,,6625000.000,,,,935000.000,,,,
RepaymentsOfSeniorDebt,,,,,,,2500000.000,,,,3750000.000,,,,3750000.000,,,,3750000.000,,,,3087000.000
Revenues,115830000.000,120563000.000,130222000.000,141063000.000,144792000.000,139795000.000,144285000.000,156121000.000,235558000.000,237400000.000,253741000.000,269195000.000,273282000.000,276571000.000,285663000.000,290356000.000,287796000.000,297757000.000,289017000.000,289442000.000,179415000.000,271384000.000,271941000.000
SalesRevenueNet,115830000.000,120563000.000,130222000.000,141063000.000,144792000.000,139795000.000,144285000.000,156121000.000,235558000.000,237400000.000,253741000.000,269195000.000,273282000.000,276571000.000,285663000.000,290356000.000,287796000.000,297757000.000,289017000.000,289442000.000,179415000.000,271384000.000,271941000.000
ShareBasedCompensation,1810000.000,2405000.000,2266000.000,2539000.000,1900000.000,2089000.000,3001000.000,,,,4836000.000,,,,5905000.000,,,,3718000.000,,,,750000.000
ShareBasedCompensationArrangementByShareBasedPaymentAwardEquityInstrumentsOtherThanOptionsForfeitedInPeriod,,,,,,,3732.000,,,,,,,,,,,,,,,,
ShareBasedCompensationArrangementByShareBasedPaymentAwardEquityInstrumentsOtherThanOptionsForfeituresWeightedAverageGrantDateFairValue,,,,,,,23.050,,,,,,,,,,,,,,,,
ShareBasedCompensationArrangementByShareBasedPaymentAwardEquityInstrumentsOtherThanOptionsGrantsInPeriod,,,,,,,135800.000,,,,,,,,,,,,,,,,
ShareBasedCompensationArrangementByShareBasedPaymentAwardEquityInstrumentsOtherThanOptionsGrantsInPeriodWeightedAverageGrantDateFairValue,,,,,,,30.880,,,,,,,,,,,,,,,,
ShareBasedCompensationArrangementByShareBasedPaymentAwardEquityInstrumentsOtherThanOptionsVestedInPeriod,,,,,,,239525.000,,,,,,,,,,,,,,,,
ShareBasedCompensationArrangementByShareBasedPaymentAwardEquityInstrumentsOtherThanOptionsVestedInPeriodWeightedAverageGrantDateFairValue,,,,,,,21.060,,,,,,,,,,,,,,,,
ShareBasedCompensationArrangementByShareBasedPaymentAwardOptionsExercisesInPeriodTotalIntrinsicValue,,,,,,,500000.000,,,,,,,,,,,,,,,,
ShareBasedCompensationArrangementByShareBasedPaymentAwardOptionsGrantsInPeriodGross,,,,,,,0.000,,,,,,,,,,,,,,,,
ShareBasedCompensationArrangementsByShareBasedPaymentAwardOptionsExercisesInPeriodWeightedAverageExercisePrice,,,,,,,18.650,,,,,,,,,,,,,,,,
StockIssuedDuringPeriodSharesStockOptionsExercised,,,,,,,45334.000,,,,,,,,,,,,,,,,
StockRepurchaseProgramAuthorizedAmount,,,,,,,50000000.000,,,,,,,,,,,,,,,,
StockRepurchasedDuringPeriodShares,,,,,,,24000.000,,,,,400000.000,,,,,,,,,,,
StockRepurchasedDuringPeriodValue,,,,,,,729000.000,,,,,16800000.000,,,,,,,,,,,
TemporaryEquityForeignCurrencyTranslationAdjustments,,,,,,,,,,,,,,,,,,,338000.000,,,,3390000.000
UndistributedEarnings,,,,1300000.000,2100000.000,,1700000.000,1500000.000,1500000.000,900000.000,2400000.000,6000000.000,8200000.000,,5900000.000,2700000.000,,,,,,,
UnrecognizedTaxBenefitsPeriodIncreaseDecrease,,,,,400000.000,,0.000,12700000.000,2200000.000,64500000.000,5200000.000,0.000,,,,,,,,,,,
WeightedAverageNumberOfDilutedSharesOutstanding,25610000.000,25604000.000,25740000.000,25825000.000,26047000.000,-51776000.000,24414000.000,24855000.000,27183000.000,-50248000.000,28196000.000,27492000.000,27332000.000,-55525000.000,27315000.000,26919000.000,25450000.000,-53037000.000,25868000.000,25874000.000,25777000.000,-51610000.000,26087000.000
WeightedAverageNumberOfSharesOutstandingBasic,24433000.000,24638000.000,24779000.000,24919000.000,25071000.000,-49914000.000,23446000.000,23966000.000,25535000.000,-48288000.000,25749000.000,25798000.000,25879000.000,-51573000.000,26072000.000,25885000.000,25450000.000,-51685000.000,25550000.000,25742000.000,25777000.000,-51356000.000,25876000.000
