,2011-06-30,2011-09-30,2012-03-31,2012-06-30,2012-09-30,2012-12-31,2013-03-31,2013-06-30,2013-09-30,2013-12-31,2014-03-31,2014-06-30,2014-09-30,2014-12-31,2015-03-31,2015-06-30,2015-09-30,2015-12-31,2016-03-31,2016-06-30,2016-09-30,2017-03-31
AdditionsToNoncurrentAssets,35918000.000,80368000.000,46973000.000,62121000.000,66375000.000,57255000.000,43948000.000,45795000.000,,,,,,,,,,,,,,
AllocatedShareBasedCompensationExpense,1183000.000,2188000.000,1248000.000,1599000.000,1988000.000,1111000.000,1429000.000,1474000.000,1585000.000,1660000.000,1922000.000,1533000.000,1344000.000,1509000.000,,,,,,,,
AllowanceForFundsUsedDuringConstructionInvestingActivities,,,1017000.000,,,,1164000.000,,,,1631000.000,,,,1076000.000,,,,652000.000,,,
AmortizationOfDebtDiscountPremium,,,200000.000,,,,-100000.000,,,,,,,,,,,,,,,
BusinessCombinationAcquisitionRelatedCosts,,,,,,,,,,,,,,,2140000.000,-410000.000,831000.000,2030000.000,1522000.000,,,
BusinessCombinationProvisionalInformationInitialAccountingIncompleteAdjustmentFinancialAssets,,,,,,,,,,,,,,,,,,,,,,0.000
BusinessCombinationProvisionalInformationInitialAccountingIncompleteAdjustmentFinancialLiabilities,,,,,,,,,,,,,,,,,,,,,,0.000
CapitalExpendituresIncurredButNotYetPaid,,,6974000.000,,,,9191000.000,,,,29476000.000,,,,10179000.000,,,,11874000.000,,,
CashAndCashEquivalentsPeriodIncreaseDecrease,,,-46327000.000,,,,15447000.000,,,,-10499000.000,,,,20413000.000,,,,44200000.000,,,
CommonStockDividendsPerShareCashPaid,0.280,0.280,0.312,0.312,0.338,0.338,0.338,0.362,0.362,0.363,0.362,,,,,,,,,,,
CommonStockDividendsPerShareDeclared,,,,,,,,,,,,0.400,0.400,,0.400,0.400,0.400,0.400,0.400,,,
ComprehensiveIncomeNetOfTaxIncludingPortionAttributableToNoncontrollingInterest,70597000.000,47623000.000,34829000.000,43437000.000,64633000.000,16518000.000,29006000.000,42654000.000,66957000.000,28562000.000,26821000.000,37124000.000,71206000.000,12799000.000,27584000.000,30943000.000,55302000.000,25920000.000,19949000.000,,,
CostOfPropertyRepairsAndMaintenance,28269000.000,14587000.000,17235000.000,24184000.000,20059000.000,25010000.000,17635000.000,26310000.000,20427000.000,33069000.000,32369000.000,26245000.000,20558000.000,19827000.000,19082000.000,21436000.000,20183000.000,27436000.000,24631000.000,,,
CostOfPurchasedPower,25477000.000,24739000.000,8637000.000,,,,,,,,,,,,,,,,,,,
CostsAndExpenses,202628000.000,235401000.000,167800000.000,165880000.000,194025000.000,184341000.000,182480000.000,189140000.000,211969000.000,204793000.000,227049000.000,242349000.000,264144000.000,,232735000.000,,,,,,,
DebtInstrumentIncreaseDecreaseForPeriodNet,,,,,,,,,,,-18000000.000,,,,-23500000.000,,,,-15900000.000,,,
DeferredIncomeTaxExpenseBenefit,,,889000.000,,,,10030000.000,,,,10366000.000,,,,15058000.000,,,,8770000.000,,,
DefinedContributionPlanCostRecognized,852000.000,945000.000,1493000.000,847000.000,963000.000,1072000.000,1279000.000,1145000.000,936000.000,1062000.000,1369000.000,1201000.000,1015000.000,1145000.000,1425000.000,1268000.000,1090000.000,1246000.000,1374000.000,,,
Depreciation,29985000.000,30557000.000,31167000.000,32250000.000,34931000.000,34059000.000,34032000.000,34740000.000,41756000.000,32332000.000,41741000.000,37570000.000,37834000.000,29360000.000,37278000.000,36468000.000,39120000.000,36713000.000,38938000.000,,,
DepreciationDepletionAndAmortization,,,38445000.000,,,,38586000.000,,,,45137000.000,,,,38744000.000,,,,40285000.000,,,
DistributionMadeToLimitedLiabilityCompanyLLCMemberCashDistributionsPaid,,,,,,,,,,,,,,,,,,,,,,28955000.000
DividendsCommonStockCash,,,,,,,,,,,22126000.000,,,,24343000.000,,,,24190000.000,,,
DividendsPreferredStock,15000.000,0.000,0.000,,,,,,,,,,,,,,,,,,,
EarningsPerShareBasic,1.160,1.090,0.500,0.770,1.060,0.380,0.450,0.700,1.100,0.410,0.430,0.610,1.170,0.350,0.450,0.500,0.900,0.360,0.320,,,
EarningsPerShareDiluted,1.150,1.080,0.500,0.770,1.050,0.380,0.450,0.690,1.090,0.420,0.430,0.600,1.170,0.350,0.440,0.500,0.900,0.360,0.320,,,
EffectiveIncomeTaxRateContinuingOperations,0.342,0.273,0.309,0.305,0.240,-0.569,0.325,0.316,0.341,-0.651,0.345,0.284,0.257,-0.583,0.392,0.402,0.337,-0.763,0.385,,,
ElectricProductionExpense,78268000.000,122774000.000,73064000.000,,,,,,,,,,,,,,,,,,,
ElectricUtilityRevenue,260485000.000,324532000.000,209590000.000,,,,,,,,,,,,,,,,,,,
EmployeeServiceShareBasedCompensationTaxBenefitFromCompensationExpense,455000.000,842000.000,480000.000,615000.000,765000.000,428000.000,550000.000,567000.000,610000.000,639000.000,739000.000,590000.000,517000.000,581000.000,687000.000,554000.000,546000.000,564000.000,373000.000,,,
EquityMethodInvestmentSummarizedFinancialInformationCostOfSales,,,,,,,,,,,,,,,,,,,,1526000.000,1034000.000,
EquityMethodInvestmentSummarizedFinancialInformationGrossProfitLoss,,,,,,,,,,,,,,,,,,,,0.000,0.000,
EquityMethodInvestmentSummarizedFinancialInformationRevenue,,,,,,,,,,,,,,,,,,,,1526000.000,1034000.000,
ExtinguishmentOfDebtAmount,,,28100000.000,,,,17500000.000,,,,,,,,,,,,,,,
FairValueOfAssetsAcquired,,,619000.000,,,,1134000.000,,,,0.000,,,,175000.000,,,,,,,
GainLossOnDispositionOfAssets,506000.000,-27000.000,33000.000,22000.000,2000.000,-108000.000,-1034000.000,188000.000,29000.000,17000.000,-69000.000,214000.000,0.000,5962000.000,0.000,0.000,,,1095000.000,,,
IncomeLossFromContinuingOperationsBeforeIncomeTaxesExtraordinaryItemsNoncontrollingInterest,106868000.000,90579000.000,43441000.000,67206000.000,83997000.000,34331000.000,40214000.000,61454000.000,100796000.000,37796000.000,39602000.000,51161000.000,95277000.000,35815000.000,44250000.000,50593000.000,82424000.000,34106000.000,31505000.000,,,
IncomeLossFromContinuingOperationsIncludingPortionAttributableToNoncontrollingInterest,70348000.000,65842000.000,30031000.000,46686000.000,63818000.000,23113000.000,27133000.000,,,,,,,,,,,,,,,
IncomeLossFromEquityMethodInvestments,61440000.000,-1000.000,1000.000,0.000,0.000,-1000.000,0.000,,,,,,,,,,,,,,,
IncomeTaxExpenseBenefit,36520000.000,24737000.000,13410000.000,20520000.000,20179000.000,11218000.000,13081000.000,19422000.000,34389000.000,12683000.000,13678000.000,14528000.000,24442000.000,14468000.000,17328000.000,20359000.000,27761000.000,12256000.000,12137000.000,,,
IncomeTaxesPaidNet,,,6000.000,,,,-45343000.000,,,,9971000.000,,,,558000.000,,,,-481000.000,,,
IncreaseDecreaseInAccountsPayable,,,-53174000.000,,,,-37345000.000,,,,-13672000.000,,,,-36063000.000,,,,-21379000.000,,,
IncreaseDecreaseInAccountsReceivable,,,-6253000.000,,,,-12059000.000,,,,1541000.000,,,,5688000.000,,,,-3129000.000,,,
IncreaseDecreaseInAccruedTaxesPayable,,,12112000.000,,,,55930000.000,,,,-3702000.000,,,,8383000.000,,,,12651000.000,,,
IncreaseDecreaseInCustomerDeposits,,,2952000.000,,,,3074000.000,,,,2598000.000,,,,3199000.000,,,,2877000.000,,,
IncreaseDecreaseInDeferredFuelCosts,,,-7433000.000,,,,-4493000.000,,,,148000.000,,,,-10218000.000,,,,-719000.000,,,
IncreaseDecreaseInInterestPayableNet,,,4511000.000,,,,13276000.000,,,,17283000.000,,,,14367000.000,,,,16037000.000,,,
IncreaseDecreaseInInventories,,,4187000.000,,,,-10619000.000,,,,-6985000.000,,,,-5474000.000,,,,-17725000.000,,,
IncreaseDecreaseInOtherNoncurrentAssetsAndLiabilitiesNet,,,,,,,-2121000.000,,,,4691000.000,,,,-2552000.000,,,,-5529000.000,,,
IncreaseDecreaseInOtherOperatingCapitalNet,,,905000.000,,,,4019000.000,,,,-46000.000,,,,400000.000,,,,-1254000.000,,,
IncreaseDecreaseInPensionAndPostretirementObligations,,,2831000.000,,,,-32422000.000,,,,2142000.000,,,,3076000.000,,,,2630000.000,,,
IncreaseDecreaseInPrepaidExpense,,,-1820000.000,,,,-1628000.000,,,,-3237000.000,,,,-3209000.000,,,,-2076000.000,,,
IncreaseDecreaseInRegulatoryAssetsAndLiabilities,,,4436000.000,,,,4836000.000,,,,4367000.000,,,,-3839000.000,,,,-4582000.000,,,
IncreaseDecreaseInRestrictedCash,,,-5248000.000,,,,-5154000.000,,,,4367000.000,,,,-5377000.000,,,,-4088000.000,,,
IncreaseDecreaseInRiskManagementAssetsAndLiabilities,,,174000.000,,,,,,,,,,,,,,,,,,,
IncreaseDecreaseInUnbilledReceivables,,,-4302000.000,,,,-4845000.000,,,,-5714000.000,,,,-6434000.000,,,,-1207000.000,,,
IncrementalCommonSharesAttributableToShareBasedPaymentArrangements,,,,,,,,,,,,266186.000,317027.000,,236392.000,320122.000,311807.000,-655118.000,103021.000,,,
InterestAndDebtExpense,25935000.000,26105000.000,,,,,,,,,,,,,,,,,,,,
InterestCostsCapitalizedAdjustment,,,,,,,,129000.000,422000.000,,490000.000,570000.000,200000.000,320000.000,321000.000,130000.000,188000.000,247000.000,185000.000,,,
InterestCostsIncurred,25619000.000,25779000.000,20624000.000,20616000.000,21966000.000,20950000.000,21456000.000,21017000.000,19436000.000,23661000.000,20758000.000,20635000.000,13375000.000,20418000.000,20443000.000,20040000.000,18781000.000,19613000.000,19738000.000,,,
InterestExpense,,,,21094000.000,22610000.000,,21831000.000,20888000.000,19014000.000,22521000.000,20268000.000,20065000.000,13175000.000,20098000.000,20122000.000,19910000.000,18593000.000,19366000.000,19553000.000,,,
InterestExpenseDebt,,,20968000.000,,,,,,,,,,,,,,,,,,,
InterestPaidNet,,,8251000.000,,,,6326000.000,,,,4346000.000,,,,4743000.000,,,,2460000.000,,,
InvestmentIncomeInterest,170000.000,509000.000,34000.000,-3000.000,132000.000,183000.000,201000.000,257000.000,332000.000,315000.000,602000.000,350000.000,416000.000,400000.000,297000.000,90000.000,346000.000,162000.000,224000.000,,,
LifeInsuranceCorporateOrBankOwnedChangeInValue,,,1806000.000,,,,2071000.000,,,,1113000.000,,,,765000.000,,,,484000.000,,,
NetCashProvidedByUsedInFinancingActivities,,,-46875000.000,,,,-38290000.000,,,,-53081000.000,,,,-48356000.000,,,,-40798000.000,,,
NetCashProvidedByUsedInFinancingActivitiesContinuingOperations,,,-46875000.000,,,,-38290000.000,,,,-53081000.000,,,,-48356000.000,,,,-40798000.000,,,
NetCashProvidedByUsedInInvestingActivities,,,-40825000.000,,,,-49710000.000,,,,-47962000.000,,,,-30557000.000,,,,-31234000.000,,,
NetCashProvidedByUsedInInvestingActivitiesContinuingOperations,,,-40825000.000,,,,-49710000.000,,,,-47962000.000,,,,-30557000.000,,,,-31234000.000,,,
NetCashProvidedByUsedInOperatingActivities,,,41373000.000,,,,103447000.000,,,,90544000.000,,,,99326000.000,,,,116232000.000,,,
NetCashProvidedByUsedInOperatingActivitiesContinuingOperations,,,41373000.000,,,,103447000.000,,,,90544000.000,,,,99326000.000,,,,116232000.000,,,
NetIncomeLossAvailableToCommonStockholdersBasic,70221000.000,65842000.000,30031000.000,46686000.000,63818000.000,23113000.000,27133000.000,42032000.000,66407000.000,25113000.000,25924000.000,36633000.000,70835000.000,21347000.000,26922000.000,30234000.000,54663000.000,21850000.000,19368000.000,,,
NetIncomeLossAvailableToCommonStockholdersDiluted,,65842000.000,30031000.000,46686000.000,63818000.000,23113000.000,27133000.000,42032000.000,66407000.000,25113000.000,25924000.000,36633000.000,70835000.000,21347000.000,26922000.000,30234000.000,54663000.000,21850000.000,19368000.000,,,
NoncashOrPartNoncashAcquisitionFixedAssetsAcquired1,,,,,,,,,,,,,,,,,,,961000.000,,,
OperatingExpenses,,,,,,,,,,,,,,,,219190000.000,242896000.000,,216776000.000,,,
OperatingIncomeLoss,70295000.000,116180000.000,54973000.000,74243000.000,103347000.000,49088000.000,58467000.000,74754000.000,116794000.000,58317000.000,57338000.000,66721000.000,107242000.000,54731000.000,62722000.000,69884000.000,102572000.000,52161000.000,50192000.000,,,
OtherComprehensiveIncomeAmortizationOfDefinedBenefitPlanNetPriorServiceCostRecognizedInNetPeriodicPensionCostNetOfTax,304000.000,269000.000,,,,,,,,,,,,,,,,,,,,
OtherComprehensiveIncomeLossAmortizationPensionAndOtherPostretirementBenefitPlansNetPriorServiceCostRecognizedInNetPeriodicPensionCostTaxEffect,-127000.000,178000.000,,,,,,,,,,,,,,,,,,,,
OtherComprehensiveIncomeLossBeforeReclassificationsNetOfTax,,,,,,,,,,,0.000,,,,,,,,,,,
OtherComprehensiveIncomeLossDerivativesQualifyingAsHedgesNetOfTax,,,,,,,,36000.000,53000.000,,53000.000,53000.000,53000.000,53000.000,53000.000,53000.000,53000.000,52000.000,53000.000,,,
OtherComprehensiveIncomeLossDerivativesQualifyingAsHedgesTax,,,,,,,,23000.000,33000.000,,33000.000,33000.000,33000.000,33000.000,33000.000,33000.000,33000.000,33000.000,33000.000,,,
OtherComprehensiveIncomeLossNetOfTax,,,,-3249000.000,815000.000,,1873000.000,622000.000,550000.000,3449000.000,897000.000,491000.000,371000.000,-8548000.000,662000.000,709000.000,639000.000,4070000.000,581000.000,,,-2191000.000
OtherComprehensiveIncomeLossNetOfTaxPeriodIncreaseDecrease,249000.000,-18219000.000,4798000.000,,,,,,,,,,,,,,,,,,,
OtherComprehensiveIncomeLossPensionAndOtherPostretirementBenefitPlansAdjustmentNetOfTax,,,,,,,,-586000.000,-497000.000,,-844000.000,-438000.000,-318000.000,8601000.000,-609000.000,-656000.000,-586000.000,-4018000.000,-528000.000,,,
OtherComprehensiveIncomeLossPensionAndOtherPostretirementBenefitPlansTax,,,,,,,,-366000.000,-311000.000,,-528000.000,-274000.000,-199000.000,5379000.000,-381000.000,-411000.000,-366000.000,-2512000.000,-330000.000,,,
OtherComprehensiveIncomeLossReclassificationPensionAndOtherPostretirementBenefitPlansNetGainLossRecognizedInNetPeriodicBenefitCostTax,,,,266000.000,239000.000,,336000.000,,,,,,,,,,,,,,,
OtherComprehensiveIncomeReclassificationOfDefinedBenefitPlansNetGainLossRecognizedInNetPeriodicBenefitCostNetOfTax,,,363000.000,525000.000,332000.000,897000.000,536000.000,,,,,,,,,,,,,,,
OtherComprehensiveIncomeReclassificationOfDefinedBenefitPlansNetGainLossRecognizedInNetPeriodicBenefitCostTax,,,-165000.000,,,,,,,,,,,,,,,,,,,
OtherComprehensiveIncomeUnrealizedGainLossOnDerivativesArisingDuringPeriodNetOfTax,0.000,,2865000.000,-3809000.000,493000.000,884000.000,,,,,,,,,,,,,,,,
OtherComprehensiveIncomeUnrealizedGainLossOnDerivativesArisingDuringPeriodTax,0.000,,-1792000.000,-2382000.000,309000.000,4136000.000,,,,,,,,,,,,,,,,
OtherCostAndExpenseOperating,31671000.000,32872000.000,27700000.000,28688000.000,30517000.000,33993000.000,26924000.000,31442000.000,30057000.000,33223000.000,26993000.000,29092000.000,30992000.000,30292000.000,28557000.000,31436000.000,33021000.000,34396000.000,29325000.000,,,
OtherNonoperatingExpense,1344000.000,3360000.000,1335000.000,831000.000,1232000.000,1296000.000,435000.000,1247000.000,1456000.000,-277000.000,672000.000,369000.000,685000.000,783000.000,589000.000,695000.000,2723000.000,-639000.000,516000.000,,,
OtherNonoperatingIncome,1050000.000,2128000.000,9375000.000,13014000.000,1834000.000,4894000.000,2273000.000,8165000.000,2837000.000,582000.000,971000.000,2495000.000,848000.000,476000.000,866000.000,764000.000,162000.000,-349000.000,506000.000,,,
OtherPreferredStockDividendsAndAdjustments,112000.000,,,0.000,,,,,,,,,,,,,,,,,,
OtherSalesRevenueNet,12983000.000,16064000.000,10946000.000,12111000.000,15408000.000,11693000.000,11543000.000,11531000.000,14843000.000,13085000.000,14814000.000,14568000.000,19497000.000,18176000.000,17732000.000,15803000.000,19937000.000,15714000.000,17132000.000,,,
PaymentsForProceedsFromOtherInvestingActivities,,,-615000.000,,,,-240000.000,,,,-122000.000,,,,-284000.000,,,,-43000.000,,,
PaymentsForRepurchaseOfCommonStock,,,,,,,,,,,12449000.000,,,,0.000,,,,,,,
PaymentsOfDividendsCommonStock,,,18905000.000,,,,20593000.000,,,,22450000.000,,,,24663000.000,,,,24579000.000,,,
PaymentsOfDividendsPreferredStockAndPreferenceStock,,,0.000,,,,,,,,,,,,,,,,,,,
PaymentsToAcquireAvailableForSaleSecurities,,,,,,,1447000.000,,,,0.000,,,,,,,,,,,
PaymentsToAcquireEquityMethodInvestments,,,,,,,,,,,,,,,,,,,2450000.000,,,
PaymentsToAcquireLifeInsurancePolicies,,,,,,,,,,,1404000.000,,,,1229000.000,,,,0.000,,,
PaymentsToAcquireOtherInvestments,,,18540000.000,,,,12081000.000,,,,11182000.000,,,,461000.000,,,,0.000,,,
PaymentsToAcquirePropertyPlantAndEquipment,,,39380000.000,,,,44887000.000,,,,47139000.000,,,,36297000.000,,,,35476000.000,,,
PreferredStockDividendsIncomeStatementImpact,15000.000,,0.000,0.000,,,,,,,,,,,,,,,,,,
ProceedsFromEquityMethodInvestmentDividendsOrDistributionsReturnOfCapital,,,,,,,,,,,,,,,,,,,0.000,,,
ProceedsFromIssuanceOfLongTermDebt,,,,,,,60000000.000,,,,0.000,,,,,,,,,,,
ProceedsFromLifeInsurancePolicies,,,,,,,,,,,1303000.000,,,,0.000,,,,,,,
ProceedsFromLinesOfCredit,,,,,,,108000000.000,,,,,,,,,,,,,,,
ProceedsFromLongTermLinesOfCredit,,,,,,,,,,,40000000.000,,,,33000000.000,,,,3000000.000,,,
ProceedsFromPaymentsForOtherFinancingActivities,,,-123000.000,,,,-568000.000,,,,-601000.000,,,,-640000.000,,,,-673000.000,,,
ProceedsFromSaleAndMaturityOfAvailableForSaleSecurities,,,,,,,1409000.000,,,,1458000.000,,,,0.000,,,,,,,
ProceedsFromSaleOfPropertyPlantAndEquipment,,,,,,,,,,,,,,,,,,,1909000.000,,,
ProceedsFromSaleOfRestrictedInvestments,,,,,,,,,,,11138000.000,,,,0.000,,,,,,,
ProfitLoss,,,,,,,,42032000.000,66407000.000,,25924000.000,36633000.000,70835000.000,21347000.000,26922000.000,30234000.000,54663000.000,21850000.000,19368000.000,,,6292000.000
PublicUtilitiesAllowanceForFundsUsedDuringConstructionAdditions,,,,,,,,,,,1631000.000,,,,1076000.000,,,,652000.000,,,
PublicUtilitiesAllowanceForFundsUsedDuringConstructionCapitalizedCostOfEquity,876000.000,902000.000,1017000.000,1399000.000,1882000.000,2413000.000,1164000.000,413000.000,1303000.000,1201000.000,1631000.000,2029000.000,631000.000,1089000.000,1076000.000,460000.000,660000.000,867000.000,652000.000,,,
PublicUtilitiesAllowanceForFundsUsedDuringConstructionCapitalizedInterest,-316000.000,-326000.000,-344000.000,-478000.000,-644000.000,-826000.000,-375000.000,,,,,,,,,,,,,,,
ReclassificationFromAccumulatedOtherComprehensiveIncomeCurrentPeriodNetOfTax,,,,,,,,,-497000.000,,-844000.000,-438000.000,-318000.000,-421000.000,-609000.000,-656000.000,,,,,,
RegulatedOperatingRevenueElectricNonNuclear,,,,228293000.000,282894000.000,,229425000.000,252765000.000,314766000.000,250592000.000,269759000.000,316997000.000,352763000.000,286441000.000,277514000.000,276661000.000,325994000.000,262220000.000,250157000.000,,,
RepaymentsOfLinesOfCredit,,,10000000.000,,,,118000000.000,,,,,,,,,,,,,,,
RepaymentsOfLongTermCapitalLeaseObligations,,,400000.000,,,,,,,,,,,,,,,,,,,
RepaymentsOfLongTermDebt,,,17847000.000,,,,7129000.000,,,,7581000.000,,,,8053000.000,,,,8546000.000,,,
RepaymentsOfLongTermLinesOfCredit,,,,,,,,,,,50000000.000,,,,48000000.000,,,,10000000.000,,,
RepaymentsOfPollutionControlBond,,,,,,,60000000.000,,,,0.000,,,,,,,,,,,
RevenueFromRelatedParties,55000.000,0.000,0.000,0.000,0.000,0.000,0.000,0.000,0.000,0.000,0.000,0.000,0.000,0.000,0.000,0.000,0.000,0.000,0.000,,,
Revenues,272923000.000,351581000.000,222773000.000,240123000.000,297372000.000,233429000.000,240947000.000,263894000.000,328763000.000,263110000.000,284387000.000,309070000.000,371386000.000,304642000.000,295457000.000,289074000.000,345468000.000,279403000.000,266968000.000,,,
SalesRevenueGoodsGross,277745000.000,349729000.000,220536000.000,240404000.000,298302000.000,235085000.000,240968000.000,264296000.000,329609000.000,263677000.000,284573000.000,331565000.000,372260000.000,304617000.000,295246000.000,292464000.000,345931000.000,277934000.000,267289000.000,,,
SalesRevenueNet,272923000.000,351581000.000,222773000.000,240123000.000,297372000.000,233429000.000,240947000.000,263894000.000,328763000.000,263110000.000,284387000.000,309070000.000,371386000.000,304642000.000,295457000.000,289074000.000,345468000.000,279403000.000,266968000.000,,,
ShareBasedCompensation,,,1329000.000,,,,1510000.000,,,,1977000.000,,,,1843000.000,,,,1003000.000,,,
StockIssued1,,,,,,,,,,,,,,,0.000,,,,,,,
StockIssuedDuringPeriodValueShareBasedCompensation,,,,,,,,,,,-1661000.000,,,,742000.000,,,,-490000.000,,,
TaxesExcludingIncomeAndExciseTaxes,9464000.000,9845000.000,10030000.000,9713000.000,9455000.000,9317000.000,12634000.000,10285000.000,12007000.000,15543000.000,14106000.000,11567000.000,7273000.000,10978000.000,13472000.000,12117000.000,13145000.000,10400000.000,12907000.000,,,
TreasuryStockSharesAcquired,,,,,,,,,,,250000.000,0.000,,,,,,,,,,
TreasuryStockValueAcquiredCostMethod,,,,,,,,,,,12449000.000,,,,,,,,,,,
UnrecognizedTaxBenefitsDecreasesResultingFromCurrentPeriodTaxPositions,,,-674000.000,,,,,,,,,,,,,,,,,,,
UnrecognizedTaxBenefitsDecreasesResultingFromPriorPeriodTaxPositions,,,10418000.000,,,,,,,,,,,,,,,,,,,
UnrecognizedTaxBenefitsDecreasesResultingFromSettlementsWithTaxingAuthorities,,,0.000,,,,,,,,,,,,,,,,,,,
UnrecognizedTaxBenefitsIncomeTaxPenaltiesExpense,,,,,,,,,,,,,,,0.000,,,,0.000,,,
UnrecognizedTaxBenefitsIncreasesResultingFromCurrentPeriodTaxPositions,,,-2000.000,,,,,,,,,,,,,,,,,,,
UnrecognizedTaxBenefitsIncreasesResultingFromPriorPeriodTaxPositions,,,-1769000.000,,,,,,,,,,,,,,,,,,,
UnrecognizedTaxBenefitsInterestOnIncomeTaxesExpense,1300000.000,93000.000,-2867000.000,-2716000.000,-121000.000,-3519000.000,-69000.000,-221000.000,174000.000,270000.000,30000.000,-594000.000,0.000,564000.000,0.000,,,,0.000,,,
UnrecognizedTaxBenefitsReductionsResultingFromLapseOfApplicableStatuteOfLimitations,,,0.000,,,,,,,,,,,,,,,,,,,
UnregulatedOperatingRevenue,4222000.000,9133000.000,0.000,0.000,0.000,0.000,0.000,0.000,0.000,0.000,0.000,,,,,,,,,,,
UtilitiesOperatingExpenseFuelUsed,,,,54999000.000,79701000.000,,85365000.000,72611000.000,101752000.000,70146000.000,59047000.000,56696000.000,104463000.000,102490000.000,88125000.000,84011000.000,105052000.000,95929000.000,87443000.000,,,
UtilitiesOperatingExpensePurchasedPower,,,,16068000.000,19364000.000,,4856000.000,13940000.000,5999000.000,20497000.000,52724000.000,81393000.000,63024000.000,45078000.000,44081000.000,34132000.000,31544000.000,20338000.000,23105000.000,,,
WeightedAverageNumberOfDilutedSharesOutstanding,61023439.000,60873311.000,60598975.000,60660702.000,60599203.000,-121230751.000,60667401.000,60713374.000,60748647.000,-121409332.000,60713587.000,60626135.000,60689596.000,-121427860.000,60700085.000,60800806.000,60793391.000,-121605013.000,60631510.000,,,
WeightedAverageNumberOfSharesOutstandingBasic,60655538.000,60467595.000,60372567.000,60421028.000,60346476.000,-120769483.000,60399697.000,60445617.000,60450384.000,-120861188.000,60472969.000,60359949.000,60372569.000,-120799486.000,60463693.000,60480684.000,60481584.000,-120949895.000,60528489.000,,,
