,2011-01-31,2011-04-30,2011-07-31,2011-10-31,2012-01-31,2012-04-30,2012-07-31,2012-10-31,2013-01-31,2013-04-30,2013-07-31,2013-10-31,2014-01-31,2014-04-30,2014-07-31,2014-10-31,2015-01-31,2015-04-30,2015-07-31,2015-10-31,2016-01-31,2016-04-30,2016-07-31,2016-10-31,2017-01-31,2017-04-30
AdjustmentsNoncashItemsToReconcileNetIncomeLossToCashProvidedByUsedInOperatingActivitiesOther,2000000.000,,,,,,,,,,,,,,,,,,,,,,,,,
AllocatedShareBasedCompensationExpense,28000000.000,16000000.000,16000000.000,13000000.000,27000000.000,18000000.000,15000000.000,16000000.000,31000000.000,19000000.000,18000000.000,20000000.000,37000000.000,22000000.000,20000000.000,19000000.000,22000000.000,12000000.000,10000000.000,11000000.000,23000000.000,14000000.000,11000000.000,12000000.000,21000000.000,15000000.000
AmortizationOfIntangibleAssets,28000000.000,28000000.000,29000000.000,26000000.000,27000000.000,26000000.000,31000000.000,52000000.000,51000000.000,50000000.000,48000000.000,50000000.000,51000000.000,51000000.000,48000000.000,47000000.000,43000000.000,38000000.000,38000000.000,37000000.000,43000000.000,40000000.000,37000000.000,32000000.000,31000000.000,31000000.000
AntidilutiveSecuritiesExcludedFromComputationOfEarningsPerShareAmount,27000.000,0.000,,,1700000.000,6000.000,10500.000,-1716500.000,,,,,,,,,,,,,,,,,,
AssetImpairmentCharges,0.000,,,,,,,,1000000.000,1000000.000,1000000.000,0.000,0.000,0.000,0.000,0.000,,,,,,,4000000.000,,,
BusinessCombinationAcquisitionRelatedCosts,-15000000.000,13000000.000,11000000.000,45000000.000,7000000.000,4000000.000,29000000.000,34000000.000,10000000.000,6000000.000,6000000.000,7000000.000,7000000.000,2000000.000,2000000.000,1000000.000,1000000.000,1000000.000,4000000.000,7000000.000,5000000.000,12000000.000,11000000.000,13000000.000,14000000.000,7000000.000
BusinessCombinationConsiderationTransferred1,,,,,,,,,,,,,,,,,,,,,242000000.000,,,,,
BusinessExitCosts1,,,,,,,,,,,,,,,,,,8000000.000,0.000,,5000000.000,1000000.000,1000000.000,4000000.000,0.000,0.000
CashAndCashEquivalentsPeriodIncreaseDecrease,-11000000.000,,,,135000000.000,,,,99000000.000,,,,67000000.000,,,,-910000000.000,,,,-72000000.000,,,,-48000000.000,
CommonStockDividendsPerShareCashPaid,,,,,0.100,,,,,0.120,0.120,,0.132,,,,0.100,,,,0.115,0.115,0.115,0.115,0.132,0.132
CommonStockDividendsPerShareDeclared,,,,,0.100,0.000,0.100,0.100,0.220,0.000,0.120,0.120,0.130,0.130,0.132,0.136,0.100,0.100,0.100,0.100,0.115,,,,,
ComprehensiveIncomeNetOfTax,218000000.000,541000000.000,323000000.000,134000000.000,,,,,,,,,,,,,,,,,,,,,,
ComprehensiveIncomeNetOfTaxIncludingPortionAttributableToNoncontrollingInterest,,,,,201000000.000,236000000.000,140000000.000,,249000000.000,62000000.000,140000000.000,475000000.000,140000000.000,235000000.000,68000000.000,-364000000.000,-187000000.000,74000000.000,41000000.000,84000000.000,76000000.000,230000000.000,78000000.000,-34000000.000,182000000.000,176000000.000
CostOfGoodsSold,557000000.000,622000000.000,643000000.000,651000000.000,601000000.000,650000000.000,676000000.000,681000000.000,637000000.000,674000000.000,625000000.000,640000000.000,626000000.000,652000000.000,671000000.000,724000000.000,395000000.000,365000000.000,380000000.000,356000000.000,365000000.000,357000000.000,362000000.000,380000000.000,349000000.000,366000000.000
CostOfRevenue,703000000.000,777000000.000,799000000.000,807000000.000,761000000.000,815000000.000,833000000.000,845000000.000,800000000.000,841000000.000,796000000.000,810000000.000,796000000.000,832000000.000,852000000.000,908000000.000,513000000.000,483000000.000,501000000.000,500000000.000,491000000.000,489000000.000,502000000.000,523000000.000,493000000.000,510000000.000
CostsAndExpenses,1308000000.000,1411000000.000,1410000000.000,1415000000.000,1364000000.000,1433000000.000,1453000000.000,1489000000.000,1463000000.000,1519000000.000,1416000000.000,1433000000.000,1461000000.000,1521000000.000,1537000000.000,1631000000.000,911000000.000,856000000.000,870000000.000,879000000.000,873000000.000,888000000.000,898000000.000,928000000.000,861000000.000,901000000.000
DeferredIncomeTaxExpenseBenefit,4000000.000,,,,10000000.000,,,,-2000000.000,,,,-5000000.000,,,,-7000000.000,,,,4000000.000,,,,16000000.000,
DefinedBenefitPlanBenefitObligationPeriodIncreaseDecrease,,194000000.000,,,,,,,,,,,,,,,,,,,,,,,,
DefinedBenefitPlanRecognizedNetGainLossDueToCurtailments,,,,,,,,,,,,,,,,,,,,,15000000.000,,,,0.000,0.000
DefinedBenefitPlanRecognizedNetGainLossDueToSettlements1,,,,,,,,,,,,,,,,,,,,,1000000.000,,,,32000000.000,0.000
DefinedBenefitPlanRecognizedNetGainLossDueToSettlementsAndCurtailments1,,,,,,,,,,,,,,,,,,,,,16000000.000,0.000,0.000,0.000,,
DepreciationDepletionAndAmortization,63000000.000,,,,62000000.000,,,,94000000.000,,,,96000000.000,,,,68000000.000,,,,66000000.000,,,,55000000.000,
DerivativeInstrumentsGainLossRecognizedInOtherComprehensiveIncomeEffectivePortionNet,,,,,,,,,,,,,-3000000.000,1000000.000,3000000.000,12000000.000,10000000.000,,,,4000000.000,-13000000.000,-9000000.000,8000000.000,2000000.000,-1000000.000
DerivativeInstrumentsGainReclassifiedFromAccumulatedOCIIntoIncomeEffectivePortion,,,,,,,,,,,,,,,,,,7000000.000,3000000.000,,1000000.000,1000000.000,,,1000000.000,1000000.000
DerivativeInstrumentsLossReclassifiedFromAccumulatedOCIIntoIncomeEffectivePortion,,,,,,,,,,,,,-1000000.000,0.000,-1000000.000,3000000.000,4000000.000,,,,,,2000000.000,,,
DiscontinuedOperationIncomeLossFromDiscontinuedOperationBeforeIncomeTax,,,,,,,,,,,,,,,,,-32000000.000,-5000000.000,-2000000.000,0.000,,,,,,
DiscontinuedOperationTaxEffectOfIncomeLossFromDiscontinuedOperationDuringPhaseOutPeriod,,,,,,,,,,,,,,,,,-2000000.000,0.000,0.000,0.000,0.000,0.000,0.000,0.000,,
DisposalGroupIncludingDiscontinuedOperationOperatingIncomeLoss,,,,,,,,,,,,,,,,,-32000000.000,-5000000.000,-2000000.000,0.000,,,,,,
DisposalGroupIncludingDiscontinuedOperationRevenue,,,,,,,,,,,,,,,,,0.000,0.000,0.000,0.000,,,,,,
DisposalGroupNotDiscontinuedOperationGainLossOnDisposal,,,0.000,,,,,,,,,,,,,,,,,,,,,,,
DividendsCommonStockCash,,,,,35000000.000,,,,,,,,,,,,,,,,,,,,,
EarningsPerShareBasic,0.560,0.580,0.950,0.830,0.660,0.730,0.700,1.220,0.520,0.480,0.500,0.620,0.590,0.420,0.440,0.060,0.210,0.250,0.310,0.430,0.370,0.280,0.380,0.390,0.520,0.510
EarningsPerShareDiluted,0.540,0.560,0.920,0.830,0.650,0.720,0.690,1.210,0.510,0.480,0.490,0.620,0.580,0.410,0.430,0.070,0.210,0.250,0.310,0.430,0.370,0.280,0.380,0.370,0.520,0.500
EffectOfExchangeRateOnCashAndCashEquivalents,3000000.000,,,,0.000,,,,-11000000.000,,,,-12000000.000,,,,-31000000.000,,,,-16000000.000,,,,-5000000.000,
EffectiveIncomeTaxRateContinuingOperations,,,,,,,,,0.082,0.162,,,-0.020,0.253,0.200,-0.213,0.093,0.083,0.180,,0.134,0.222,0.075,-0.280,0.130,0.141
EmployeeServiceShareBasedCompensationTaxBenefitFromCompensationExpense,,,,,,,,,2000000.000,0.000,0.000,0.000,3000000.000,0.000,0.000,-2000000.000,0.000,0.000,5000000.000,3000000.000,2000000.000,,,,,
ExcessTaxBenefitFromShareBasedCompensationFinancingActivities,,,,,,,,,2000000.000,,,,3000000.000,,,,0.000,,,,2000000.000,,,,,
ExcessTaxBenefitFromShareBasedCompensationOperatingActivities,,,,,,,,,2000000.000,,,,3000000.000,,,,0.000,,,,2000000.000,,,,,
FairValueMeasurementWithUnobservableInputsReconciliationRecurringBasisAssetGainLossIncludedInOtherComprehensiveIncome,0.000,,,,,,,,,,,,,,,,,,,,,,,,,
FairValueMeasurementWithUnobservableInputsReconciliationRecurringBasisAssetPurchasesSalesIssuancesSettlements,0.000,0.000,0.000,,,,,,,,,,,,,,,,,,,,,,,
FiniteLivedIntangibleAssetsPeriodIncreaseDecrease,,,,,,,,,,,,,,,,,,,,,118000000.000,,,,34000000.000,
FiniteLivedIntangibleAssetsTranslationAdjustments,,,,,,,,,,,,,,,,,-47000000.000,,,,-7000000.000,,,,,
FutureAmortizationExpenseRemainderOfFiscalYear,,,,,72000000.000,,,,,,,,,,,,,,,,,,,,,
FutureAmortizationExpenseYearFive,44000000.000,,,,36000000.000,,,,,,,,,,,,,,,,,,,,,
FutureAmortizationExpenseYearFour,50000000.000,,,,51000000.000,,,,,,,,,,,,,,,,,,,,,
FutureAmortizationExpenseYearOne,86000000.000,,,,82000000.000,,,,,,,,,,,,,,,,,,,,,
FutureAmortizationExpenseYearThree,61000000.000,,,,58000000.000,,,,,,,,,,,,,,,,,,,,,
FutureAmortizationExpenseYearTwo,70000000.000,,,,72000000.000,,,,,,,,,,,,,,,,,,,,,
GainLossOnSaleOfOtherInvestments,,,,,-2000000.000,,,,,,,,,,,,,,,,,,,,,
GainLossOnSaleOfPropertyPlantEquipment,,,,,,,,,,,,,,,11000000.000,,,,,,,,,,,
GainsLossesOnExtinguishmentOfDebt,,,,,,,,,,,,,,,28000000.000,,,,,,,,,,,
GoodwillAcquiredDuringPeriod,,64000000.000,0.000,,39000000.000,14000000.000,1392000000.000,7000000.000,10000000.000,,0.000,,0.000,,,,0.000,,,,140000000.000,,,,46000000.000,
GoodwillImpairmentLoss,,,,,,,,,,0.000,0.000,,0.000,0.000,0.000,0.000,0.000,0.000,0.000,0.000,0.000,0.000,0.000,0.000,0.000,
GoodwillPurchaseAccountingAdjustments,,,,,,,,,,,,,,,,,,,,,,3000000.000,,,,
GoodwillTranslationAndPurchaseAccountingAdjustments,-8000000.000,,,,-8000000.000,,,,36000000.000,,,,-30000000.000,,,,-155000000.000,,,,-28000000.000,,,,0.000,
ImpairmentOfIntangibleAssetsExcludingGoodwill,,3000000.000,0.000,,,,,,,1000000.000,0.000,,0.000,0.000,0.000,,0.000,0.000,0.000,,0.000,0.000,,,,
ImpairmentOfIntangibleAssetsFinitelived,,,,,,,,,,,,,,0.000,,,,,,,,,,,,
ImpairmentOfIntangibleAssetsIndefinitelivedExcludingGoodwill,,,,,,,,,,,,,,,,,,,,,,,4000000.000,,0.000,
ImpairmentOfInvestments,,,,,,,,,,,0.000,,0.000,0.000,0.000,,0.000,0.000,0.000,,0.000,0.000,0.000,25000000.000,0.000,0.000
ImpairmentOfLongLivedAssetsHeldForUse,,4000000.000,3000000.000,,,,,,,,,,,,,,0.000,0.000,0.000,,0.000,0.000,4000000.000,0.000,0.000,0.000
ImpairmentOfLongLivedAssetsToBeDisposedOf,,,,,,,,,,,,,,,,,0.000,0.000,0.000,,0.000,0.000,0.000,0.000,0.000,0.000
IncomeLossFromContinuingOperations,,,,,,,,,,,,,,,,,102000000.000,88000000.000,105000000.000,143000000.000,123000000.000,91000000.000,124000000.000,124000000.000,,
IncomeLossFromContinuingOperationsBeforeIncomeTaxesExtraordinaryItemsNoncontrollingInterest,,,,,314000000.000,337000000.000,350000000.000,383000000.000,288000000.000,334000000.000,303000000.000,351000000.000,296000000.000,314000000.000,339000000.000,373000000.000,176000000.000,169000000.000,199000000.000,223000000.000,205000000.000,195000000.000,212000000.000,247000000.000,223000000.000,241000000.000
IncomeLossFromContinuingOperationsBeforeIncomeTaxesMinorityInterestAndIncomeLossFromEquityMethodInvestments,198000000.000,260000000.000,281000000.000,293000000.000,256000000.000,293000000.000,238000000.000,256000000.000,195000000.000,198000000.000,212000000.000,254000000.000,191000000.000,186000000.000,184000000.000,85000000.000,113000000.000,96000000.000,128000000.000,143000000.000,142000000.000,117000000.000,134000000.000,151000000.000,193000000.000,191000000.000
IncomeLossFromContinuingOperationsPerBasicShare,,,,,,,,,,,,,,,,,0.300,0.260,0.320,0.440,0.370,0.280,0.380,0.390,,
IncomeLossFromContinuingOperationsPerDilutedShare,,,,,,,,,,,,,,,,,0.300,0.260,0.310,0.440,0.370,0.280,0.380,0.370,,
IncomeLossFromDiscontinuedOperationsNetOfTax,,,,,,,,,,,,,,,,,-30000000.000,-5000000.000,-2000000.000,0.000,0.000,0.000,0.000,0.000,,
IncomeLossFromDiscontinuedOperationsNetOfTaxPerBasicShare,,,,,,,,,,,,,,,,,-0.090,-0.010,-0.010,,0.000,0.000,0.000,,,
IncomeLossFromDiscontinuedOperationsNetOfTaxPerDilutedShare,,,,,,,,,,,,,,,,,-0.090,-0.010,0.000,-0.010,0.000,0.000,0.000,0.000,,
IncomeTaxExpenseBenefit,5000000.000,60000000.000,-49000000.000,4000000.000,26000000.000,38000000.000,-5000000.000,-169000000.000,16000000.000,32000000.000,44000000.000,43000000.000,-4000000.000,47000000.000,37000000.000,62000000.000,11000000.000,8000000.000,23000000.000,0.000,19000000.000,26000000.000,10000000.000,27000000.000,25000000.000,27000000.000
IncomeTaxReconciliationTaxCreditsResearch,,,,,,,,,,,,,,,,,6000000.000,,,,,,,,,
IncomeTaxesPaid,,,,,,,,,,,,,,,,,,,,,9000000.000,,,,,
IncomeTaxesPaidNet,,,,,,,,,,,,,,,,,,,,,,,,,27000000.000,
IncreaseDecreaseInAccountsPayable,-56000000.000,,,,-42000000.000,,,,-7000000.000,,,,-1000000.000,,,,-39000000.000,,,,-18000000.000,,,,9000000.000,
IncreaseDecreaseInAccountsReceivable,13000000.000,,,,-35000000.000,,,,-53000000.000,,,,-40000000.000,,,,15000000.000,,,,15000000.000,,,,31000000.000,
IncreaseDecreaseInEmployeeRelatedLiabilities,-81000000.000,,,,-102000000.000,,,,-70000000.000,,,,-62000000.000,,,,-34000000.000,,,,-47000000.000,,,,-43000000.000,
IncreaseDecreaseInInventories,-85000000.000,,,,46000000.000,,,,34000000.000,,,,33000000.000,,,,5000000.000,,,,13000000.000,,,,26000000.000,
IncreaseDecreaseInOtherOperatingCapitalNet,33000000.000,,,,31000000.000,,,,9000000.000,,,,86000000.000,,,,89000000.000,,,,23000000.000,,,,61000000.000,
IncreaseDecreaseInRestrictedCash,1533000000.000,,,,0.000,,,,,,,,,,,,-1000000.000,,,,-245000000.000,,,,0.000,
IncrementalCommonSharesAttributableToShareBasedPaymentArrangements,8.000,8000000.000,9000000.000,-9000008.000,4000000.000,6000000.000,5000000.000,-10000000.000,5000000.000,4000000.000,4000000.000,-9000000.000,5000000.000,4000000.000,4000000.000,-8000000.000,2000000.000,3000000.000,2000000.000,-5000000.000,3000000.000,2000000.000,3000000.000,-5000000.000,4000000.000,4000000.000
IndefiniteLivedIntangibleAssetsPeriodIncreaseDecrease,,,,,16000000.000,8000000.000,744000000.000,18000000.000,1000000.000,,0.000,,0.000,,,,0.000,,,,,,,,,
InterestExpense,-23000000.000,20000000.000,20000000.000,69000000.000,26000000.000,25000000.000,24000000.000,26000000.000,25000000.000,25000000.000,27000000.000,30000000.000,29000000.000,30000000.000,28000000.000,26000000.000,16000000.000,17000000.000,17000000.000,16000000.000,18000000.000,18000000.000,17000000.000,19000000.000,20000000.000,20000000.000
InterestExpenseDeposits,,,,,26000000.000,25000000.000,24000000.000,26000000.000,25000000.000,25000000.000,27000000.000,30000000.000,29000000.000,30000000.000,28000000.000,26000000.000,16000000.000,17000000.000,17000000.000,16000000.000,18000000.000,,,,,
InterestPaid,,,,,,,,,,,,,,,9000000.000,,,,,,,,,,29000000.000,
InventoryWriteDown,6000000.000,,,,6000000.000,,,,10000000.000,,,,11000000.000,,,,4000000.000,,,,4000000.000,,,,7000000.000,
InvestmentIncomeInterest,4000000.000,3000000.000,3000000.000,4000000.000,3000000.000,2000000.000,2000000.000,2000000.000,2000000.000,1000000.000,2000000.000,2000000.000,2000000.000,2000000.000,3000000.000,2000000.000,2000000.000,2000000.000,2000000.000,1000000.000,2000000.000,3000000.000,3000000.000,3000000.000,4000000.000,5000000.000
NetCashProvidedByUsedInFinancingActivities,-1634000000.000,,,,8000000.000,,,,-63000000.000,,,,-68000000.000,,,,-828000000.000,,,,-132000000.000,,,,-58000000.000,
NetCashProvidedByUsedInFinancingActivitiesContinuingOperations,-1634000000.000,,,,8000000.000,,,,-63000000.000,,,,-68000000.000,,,,-828000000.000,,,,-132000000.000,,,,-58000000.000,
NetCashProvidedByUsedInInvestingActivities,1500000000.000,,,,-23000000.000,,,,-72000000.000,,,,-47000000.000,,,,-31000000.000,,,,-28000000.000,,,,-101000000.000,
NetCashProvidedByUsedInInvestingActivitiesContinuingOperations,1500000000.000,,,,-23000000.000,,,,-72000000.000,,,,-47000000.000,,,,-31000000.000,,,,-28000000.000,,,,-101000000.000,
NetCashProvidedByUsedInOperatingActivities,120000000.000,,,,150000000.000,,,,245000000.000,,,,194000000.000,,,,-20000000.000,,,,104000000.000,,,,116000000.000,
NetCashProvidedByUsedInOperatingActivitiesContinuingOperations,120000000.000,,,,150000000.000,,,,245000000.000,,,,194000000.000,,,,-20000000.000,,,,104000000.000,,,,116000000.000,
NetIncomeLoss,,,,,,,,,,,,,,,,,,,,,,,,,168000000.000,164000000.000
NumberOfOperatingSegments,,,,,,,,,,,,,,3.000,3.000,,3.000,3.000,3.000,,3.000,3.000,3.000,,3.000,3.000
OperatingIncomeLoss,211000000.000,266000000.000,281000000.000,313000000.000,271000000.000,300000000.000,270000000.000,278000000.000,217000000.000,213000000.000,236000000.000,285000000.000,218000000.000,210000000.000,229000000.000,174000000.000,115000000.000,107000000.000,144000000.000,156000000.000,155000000.000,131000000.000,146000000.000,183000000.000,206000000.000,201000000.000
OtherComprehensiveIncomeAmortizationOfDefinedBenefitPlanNetPriorServiceCostRecognizedInNetPeriodicPensionCostTax,,,,,,,,,-4000000.000,-4000000.000,,,,,,,,,,,,,,,,
OtherComprehensiveIncomeAvailableForSaleSecuritiesAdjustmentBeforeTaxPeriodIncreaseDecrease,,,,,-2000000.000,0.000,0.000,,,,,,,,,,,,,,,,,,,
OtherComprehensiveIncomeAvailableforsaleSecuritiesAdjustmentNetOfTaxPortionAttributableToParent,,,,,,,,,,,,,-3000000.000,3000000.000,7000000.000,3000000.000,0.000,,,,,,,,,
OtherComprehensiveIncomeDefinedBenefitPlanNetPriorServiceCostCreditArisingDuringPeriodBeforeTax,,,,,,,,,,,,,0.000,0.000,0.000,0.000,0.000,,,,6000000.000,0.000,0.000,0.000,0.000,0.000
OtherComprehensiveIncomeDefinedBenefitPlanNetPriorServiceCostsCreditArisingDuringPeriodNetOfTax,,,,,,12000000.000,12000000.000,,8000000.000,8000000.000,8000000.000,8000000.000,8000000.000,8000000.000,8000000.000,8000000.000,2000000.000,3000000.000,3000000.000,3000000.000,8000000.000,3000000.000,2000000.000,2000000.000,1000000.000,2000000.000
OtherComprehensiveIncomeDefinedBenefitPlansAdjustmentBeforeTaxPeriodIncreaseDecrease,8000000.000,214000000.000,3000000.000,,4000000.000,,,,,,,,,,,,,,,,,,,,,
OtherComprehensiveIncomeDefinedBenefitPlansNetUnamortizedGainLossArisingDuringPeriodNetOfTax,,,,,,15000000.000,13000000.000,,14000000.000,16000000.000,15000000.000,183000000.000,13000000.000,12000000.000,11000000.000,-179000000.000,4000000.000,6000000.000,7000000.000,-55000000.000,15000000.000,6000000.000,8000000.000,-115000000.000,17000000.000,9000000.000
OtherComprehensiveIncomeDefinedBenefitPlansNetUnamortizedGainLossArisingDuringPeriodTax,,,,,,,,,4000000.000,6000000.000,6000000.000,98000000.000,4000000.000,2000000.000,4000000.000,55000000.000,2000000.000,2000000.000,2000000.000,-23000000.000,4000000.000,3000000.000,2000000.000,-51000000.000,8000000.000,3000000.000
OtherComprehensiveIncomeDefinedBenefitPlansTax,,,,,,3000000.000,3000000.000,,,,,,,,,,,,,,,,,,,
OtherComprehensiveIncomeDerivativesQualifyingAsHedgesNetOfTaxPortionAttributableToParent,,,,,,,,,,,,,-2000000.000,1000000.000,3000000.000,7000000.000,4000000.000,,,,2000000.000,-9000000.000,-4000000.000,8000000.000,1000000.000,-2000000.000
OtherComprehensiveIncomeForeignCurrencyTransactionAndTranslationAdjustmentBeforeTaxPeriodIncreaseDecrease,21000000.000,135000000.000,-9000000.000,-53000000.000,-39000000.000,-19000000.000,-102000000.000,,,,,,,,,,,,,,,,,,,
OtherComprehensiveIncomeForeignCurrencyTransactionAndTranslationAdjustmentNetOfTaxPortionAttributableToParent,,,,,,,,,,,,,-55000000.000,88000000.000,-92000000.000,-210000000.000,-265000000.000,,,,,,,,,
OtherComprehensiveIncomeForeignCurrencyTransactionAndTranslationGainLossArisingDuringPeriodNetOfTax,,,,,,,,,56000000.000,-111000000.000,-32000000.000,88000000.000,-55000000.000,88000000.000,-92000000.000,-210000000.000,-265000000.000,-6000000.000,-66000000.000,1000000.000,-56000000.000,145000000.000,-48000000.000,-49000000.000,-3000000.000,7000000.000
OtherComprehensiveIncomeLossAmortizationAdjustmentFromAOCIPensionAndOtherPostretirementBenefitPlansForNetPriorServiceCostCreditBeforeTax,,,,,,,,,,,,,12000000.000,12000000.000,12000000.000,12000000.000,4000000.000,4000000.000,4000000.000,5000000.000,19000000.000,4000000.000,3000000.000,3000000.000,2000000.000,3000000.000
OtherComprehensiveIncomeLossAmortizationAdjustmentFromAOCIPensionAndOtherPostretirementBenefitPlansForNetPriorServiceCostCreditTax,,,,,,,,,,,-4000000.000,,4000000.000,4000000.000,4000000.000,,2000000.000,1000000.000,1000000.000,,5000000.000,-1000000.000,-1000000.000,,-1000000.000,-1000000.000
OtherComprehensiveIncomeLossAvailableForSaleSecuritiesAdjustmentNetOfTax,,,,,,,,,3000000.000,-2000000.000,4000000.000,,-3000000.000,3000000.000,8000000.000,,0.000,0.000,0.000,,,,,,,
OtherComprehensiveIncomeLossAvailableForSaleSecuritiesTax,,,,,,,,,2000000.000,-1000000.000,1000000.000,,1000000.000,0.000,-2000000.000,0.000,0.000,0.000,0.000,0.000,,,,,,
OtherComprehensiveIncomeLossBeforeTax,,,,,,,,,,,,,-67000000.000,97000000.000,-78000000.000,-477000000.000,-264000000.000,,,,-41000000.000,140000000.000,-60000000.000,-219000000.000,1000000.000,7000000.000
OtherComprehensiveIncomeLossDerivativesQualifyingAsHedgesTax,,,,,,,,,,,,,0.000,0.000,-1000000.000,-4000000.000,-2000000.000,,,,-1000000.000,5000000.000,3000000.000,-3000000.000,0.000,0.000
OtherComprehensiveIncomeLossForeignCurrencyTransactionAndTranslationAdjustmentBeforeTax,,,,,,,,,,,,,-60000000.000,93000000.000,-91000000.000,-219000000.000,-271000000.000,,,,-57000000.000,153000000.000,-51000000.000,-50000000.000,-4000000.000,8000000.000
OtherComprehensiveIncomeLossForeignCurrencyTransactionAndTranslationReclassificationAdjustmentFromAOCIRealizedUponSaleOrLiquidationBeforeTax,,,,,,,,,,,,,0.000,0.000,0.000,0.000,0.000,,,,0.000,0.000,0.000,0.000,0.000,0.000
OtherComprehensiveIncomeLossForeignCurrencyTranslationAdjustmentTax,,,,,,,,,,,,,5000000.000,-5000000.000,-1000000.000,9000000.000,6000000.000,1000000.000,1000000.000,-32000000.000,-1000000.000,8000000.000,-3000000.000,-1000000.000,-1000000.000,1000000.000
OtherComprehensiveIncomeLossNetOfTax,,,,,,,,,70000000.000,-104000000.000,-28000000.000,264000000.000,-55000000.000,96000000.000,-79000000.000,-387000000.000,-259000000.000,-9000000.000,-62000000.000,-59000000.000,-47000000.000,139000000.000,-46000000.000,-158000000.000,14000000.000,12000000.000
OtherComprehensiveIncomeLossPensionAndOtherPostretirementBenefitPlansBenefitPlanImprovementTaxEffect,,,,,,,,,,,,,4000000.000,-4000000.000,-4000000.000,-12000000.000,-2000000.000,,,,-5000000.000,-1000000.000,-1000000.000,-1000000.000,-1000000.000,-1000000.000
OtherComprehensiveIncomeLossPensionAndOtherPostretirementBenefitPlansNetUnamortizedGainLossArisingDuringPeriodBeforeTax,,,,,,,,,,,,,0.000,0.000,0.000,-273000000.000,-3000000.000,,,,6000000.000,0.000,0.000,-177000000.000,3000000.000,0.000
OtherComprehensiveIncomeLossReclassificationAdjustmentFromAOCIForSaleOfSecuritiesBeforeTax,,,,,,,,,,,,,0.000,0.000,-1000000.000,0.000,0.000,,,,,,,,,
OtherComprehensiveIncomeLossReclassificationAdjustmentFromAOCIForSaleOfSecuritiesNetOfTax,,,,,,,,,,,,,,,1000000.000,,,,0.000,,,,,,,
OtherComprehensiveIncomeLossReclassificationAdjustmentFromAOCIForSaleOfSecuritiesTax,,,,,,,,,,,,,,,0.000,,,,0.000,,,,,,,
OtherComprehensiveIncomeLossReclassificationAdjustmentFromAOCIOnDerivativesBeforeTax,,,,,,,,,,,,,1000000.000,0.000,1000000.000,-1000000.000,-4000000.000,,,,-1000000.000,-1000000.000,2000000.000,3000000.000,-1000000.000,-1000000.000
OtherComprehensiveIncomeLossReclassificationAdjustmentFromAOCIOnDerivativesNetOfTax,,,,,,,,,,,,,0.000,0.000,-1000000.000,0.000,3000000.000,5000000.000,1000000.000,3000000.000,1000000.000,0.000,-1000000.000,-3000000.000,0.000,1000000.000
OtherComprehensiveIncomeLossReclassificationAdjustmentFromAOCIOnDerivativesTax,,,,,,,,,,,-1000000.000,,1000000.000,0.000,0.000,-1000000.000,-1000000.000,-2000000.000,-2000000.000,11000000.000,0.000,-1000000.000,1000000.000,0.000,-1000000.000,0.000
OtherComprehensiveIncomeLossReclassificationAdjustmentFromAOCIPensionAndOtherPostretirementBenefitPlansBeforeTax,,,,,,,,,,,,,-5000000.000,-2000000.000,-3000000.000,-7000000.000,-5000000.000,-4000000.000,-5000000.000,-4000000.000,6000000.000,-5000000.000,-7000000.000,-8000000.000,-20000000.000,-9000000.000
OtherComprehensiveIncomeLossReclassificationAdjustmentFromAOCIPensionAndOtherPostretirementBenefitPlansForNetGainLossBeforeTax,,,,,,,,,,,,,17000000.000,14000000.000,15000000.000,19000000.000,9000000.000,8000000.000,9000000.000,9000000.000,13000000.000,9000000.000,10000000.000,11000000.000,22000000.000,12000000.000
OtherComprehensiveIncomeLossReclassificationAdjustmentFromAOCIPensionAndOtherPostretirementBenefitPlansNetOfTax,,,,,,,,,,,,,-5000000.000,-2000000.000,-3000000.000,-9000000.000,-5000000.000,-3000000.000,-4000000.000,-1000000.000,2000000.000,-3000000.000,-6000000.000,-3000000.000,-14000000.000,-7000000.000
OtherComprehensiveIncomeLossReclassificationAdjustmentFromAOCIPensionAndOtherPostretirementBenefitPlansTax,,,,,,,,,,,,,0.000,0.000,0.000,-2000000.000,0.000,1000000.000,1000000.000,3000000.000,-4000000.000,2000000.000,1000000.000,5000000.000,6000000.000,2000000.000
OtherComprehensiveIncomeLossReclassificationAdjustmentOnDerivativesIncludedInNetIncomeTax,,,,,,,,,0.000,-2000000.000,,,,,,,,,,,,,,,,
OtherComprehensiveIncomeLossTax,-3000000.000,4000000.000,4000000.000,,3000000.000,,,,,,,,6000000.000,-3000000.000,-4000000.000,84000000.000,4000000.000,,,,1000000.000,-5000000.000,5000000.000,50000000.000,-6000000.000,-3000000.000
OtherComprehensiveIncomeReclassificationAdjustmentOnDerivativesIncludedInNetIncomeBeforeTax,1000000.000,-1000000.000,-1000000.000,,,,,,,,,,,,,,,,,,,,,,,
OtherComprehensiveIncomeReclassificationAdjustmentOnDerivativesIncludedInNetIncomeNetOfTax,,,,,-1000000.000,3000000.000,0.000,,,,,,,,,,,,,,,,,,,
OtherComprehensiveIncomeReclassificationAdjustmentOnDerivativesIncludedInNetIncomeTax,,,,,,-1000000.000,-1000000.000,,,,,,,,,,,,,,,,,,,
OtherComprehensiveIncomeUnrealizedGainLossOnDerivativesArisingDuringPeriodBeforeTax,-2000000.000,0.000,2000000.000,0.000,6000000.000,0.000,-2000000.000,5000000.000,,,,,,,,,,,,,,,,,,
OtherComprehensiveIncomeUnrealizedGainLossOnDerivativesArisingDuringPeriodNetOfTax,,,,,,,,,6000000.000,5000000.000,-4000000.000,1000000.000,-2000000.000,1000000.000,2000000.000,7000000.000,7000000.000,-1000000.000,1000000.000,1000000.000,3000000.000,-9000000.000,-5000000.000,5000000.000,1000000.000,-1000000.000
OtherComprehensiveIncomeUnrealizedGainLossOnDerivativesArisingDuringPeriodTax,,,,,,,,,2000000.000,3000000.000,-3000000.000,0.000,1000000.000,0.000,-1000000.000,-5000000.000,-3000000.000,1000000.000,-2000000.000,7000000.000,1000000.000,-4000000.000,-4000000.000,3000000.000,1000000.000,0.000
OtherComprehensiveIncomeUnrealizedHoldingGainLossOnSecuritiesArisingDuringPeriodBeforeTax,0.000,-5000000.000,0.000,,,,,,,,,,-4000000.000,3000000.000,10000000.000,3000000.000,0.000,,,,,,,,,
OtherDepreciationAndAmortization,,,,,,,15000000.000,,,,0.000,,,0.000,,,,,,,,,,,,
OtherNoncashIncomeExpense,,,,,-1000000.000,,,,-2000000.000,,,,-6000000.000,,,,-3000000.000,,,,-2000000.000,,,,-2000000.000,
OtherNonoperatingIncomeExpense,6000000.000,11000000.000,17000000.000,-1000000.000,8000000.000,16000000.000,-10000000.000,2000000.000,1000000.000,9000000.000,1000000.000,-3000000.000,0.000,4000000.000,-20000000.000,-65000000.000,12000000.000,4000000.000,-1000000.000,2000000.000,3000000.000,1000000.000,2000000.000,-16000000.000,3000000.000,5000000.000
OtherTaxExpenseBenefit,,,,,,,,,,,,,,,,,,3000000.000,,,,,,,,
PaymentsForRepurchaseOfCommonStock,270000000.000,,192000000.000,,34000000.000,44000000.000,,,79000000.000,,,,100000000.000,,,,6000000.000,,,,200000000.000,,,,111000000.000,
PaymentsForRestructuring,,,,,,,,,,,,,,,,,3000000.000,,,,,,,,,
PaymentsOfDividendsCommonStock,,,,,,,35000000.000,,,41000000.000,41000000.000,,44000000.000,,,,34000000.000,,,,38000000.000,37000000.000,37000000.000,38000000.000,42000000.000,43000000.000
PaymentsOfOrdinaryDividends,,,,,,,,,35000000.000,,,,44000000.000,,,,34000000.000,,,,38000000.000,,,,42000000.000,
PaymentsRelatedToTaxWithholdingForShareBasedCompensation,,,,,,,,,,,,,,,,,,,,,,,,,12000000.000,
PaymentsToAcquireAdditionalInterestInSubsidiaries,,,,,5000000.000,,,,3000000.000,,,,0.000,,,,,,,,,,,,,
PaymentsToAcquireAvailableForSaleSecuritiesEquity,,,,,,,,,15000000.000,,,,0.000,,,,,,,,,,,,,
PaymentsToAcquireBusinessesNetOfCashAcquired,0.000,,,,55000000.000,,,,10000000.000,,,,2000000.000,,,,0.000,,,,235000000.000,,,,70000000.000,
PaymentsToAcquireNotesReceivable,,,,,,,,,,,,,,,,,,,,,1000000.000,,,,0.000,
PaymentsToAcquirePropertyPlantAndEquipment,-38000000.000,,,,46000000.000,,,,59000000.000,,,,45000000.000,,,,32000000.000,,,,38000000.000,,,,32000000.000,
ProceedsFromDivestitureOfBusinesses,,,,,,,,,,,,,,,,,,,,,,,,,1000000.000,
ProceedsFromIssuanceOfSharesUnderIncentiveAndShareBasedCompensationPlansIncludingStockOptions,136000000.000,,,,42000000.000,,,,52000000.000,,,,73000000.000,,,,8000000.000,,,,24000000.000,,,,18000000.000,
ProceedsFromLinesOfCredit,,,,,,,,,,,,,,,,,,,,,100000000.000,,,,131000000.000,
ProceedsFromPaymentsForOtherFinancingActivities,,,,,80000000.000,,,,0.000,,,,,,,,,,,,,,,,,
ProceedsFromSaleMaturityAndCollectionsOfInvestments,5000000.000,,,,3000000.000,,,,11000000.000,,,,0.000,,,,,,,,1000000.000,,,,0.000,
ProceedsFromSaleOfPropertyPlantAndEquipment,,,,,,,,,1000000.000,,,,0.000,,,,,,,,,,,,,
ProfitLoss,193000000.000,200000000.000,330000000.000,289000000.000,230000000.000,255000000.000,243000000.000,425000000.000,179000000.000,166000000.000,168000000.000,211000000.000,195000000.000,139000000.000,147000000.000,23000000.000,72000000.000,83000000.000,103000000.000,143000000.000,123000000.000,91000000.000,124000000.000,124000000.000,,
ReclassificationFromAccumulatedOtherComprehensiveIncomeCurrentPeriodBeforeTax,,,,,,,,,,,,,6000000.000,2000000.000,3000000.000,6000000.000,1000000.000,,,,-7000000.000,4000000.000,9000000.000,11000000.000,19000000.000,8000000.000
ReclassificationFromAccumulatedOtherComprehensiveIncomeCurrentPeriodNetOfTax,,,,,,,,,,,,,-5000000.000,-2000000.000,-3000000.000,-9000000.000,-2000000.000,2000000.000,-3000000.000,2000000.000,3000000.000,-3000000.000,-7000000.000,-6000000.000,-14000000.000,-6000000.000
RepaymentsOfDebt,,,,,0.000,,,,,,,,,,,,,,,,,,,,,
RepaymentsOfLinesOfCredit,,,,,,,,,,,,,,,,,,,,,20000000.000,,,,42000000.000,
ResearchAndDevelopmentExpense,159000000.000,165000000.000,162000000.000,163000000.000,162000000.000,166000000.000,162000000.000,178000000.000,179000000.000,181000000.000,171000000.000,173000000.000,177000000.000,176000000.000,177000000.000,189000000.000,88000000.000,81000000.000,79000000.000,82000000.000,78000000.000,81000000.000,86000000.000,84000000.000,79000000.000,84000000.000
RestructuringAndRelatedCostExpectedNumberOfPositionsEliminated,,,,,,,,,,,,,650.000,,,,300.000,,,,,,,,,
RestructuringCharges,-2000000.000,3000000.000,2000000.000,-1000000.000,,0.000,0.000,,,55000000.000,1000000.000,,-4000000.000,0.000,0.000,68000000.000,3000000.000,,,,,,,,,
RestructuringReservePeriodExpense,2000000.000,,,,,,,,,,,,,,,,,,,,,,,,,
RestructuringReserveSettledWithCash,-9000000.000,,,,,,,,,,,,,,,,,,,,,,,,,
RestructuringReserveSettledWithoutCash1,,,,,,,,,,,,,,,,,1000000.000,,,,,,,,,
Revenues,1519000000.000,1677000000.000,1691000000.000,1728000000.000,1635000000.000,1733000000.000,1723000000.000,1767000000.000,1680000000.000,1732000000.000,1652000000.000,1718000000.000,1679000000.000,1731000000.000,1766000000.000,1805000000.000,1026000000.000,963000000.000,1014000000.000,1035000000.000,1028000000.000,1019000000.000,1044000000.000,1111000000.000,1067000000.000,1102000000.000
SalesRevenueGoodsNet,1258000000.000,1389000000.000,1406000000.000,1429000000.000,1342000000.000,1435000000.000,1428000000.000,1454000000.000,1380000000.000,1424000000.000,1335000000.000,1395000000.000,1366000000.000,1405000000.000,1438000000.000,1477000000.000,815000000.000,759000000.000,798000000.000,774000000.000,795000000.000,787000000.000,798000000.000,847000000.000,818000000.000,842000000.000
SalesRevenueNet,1519000000.000,1677000000.000,1691000000.000,1728000000.000,1635000000.000,1733000000.000,1723000000.000,1767000000.000,1680000000.000,1732000000.000,1652000000.000,1718000000.000,1679000000.000,1731000000.000,1766000000.000,1805000000.000,1026000000.000,963000000.000,1014000000.000,1035000000.000,1028000000.000,1019000000.000,1044000000.000,1111000000.000,1067000000.000,1102000000.000
SegmentReportingInformationProfitLoss,269000000.000,324000000.000,343000000.000,,,,,,,,,,,,,,,,,,,,,,,
SegmentReportingInformationRevenue,1524000000.000,1679000000.000,1692000000.000,,,,,,,,,,,,,,,,,,,,,,,
SegmentReportingReconcilingItemForOperatingProfitLossFromSegmentToConsolidatedAmount,,,-8000000.000,,-1000000.000,,,,,,,,,,,,,,,,,,,,,
SellingGeneralAndAdministrativeExpense,446000000.000,469000000.000,449000000.000,445000000.000,441000000.000,452000000.000,458000000.000,466000000.000,484000000.000,497000000.000,449000000.000,450000000.000,488000000.000,513000000.000,508000000.000,534000000.000,310000000.000,292000000.000,290000000.000,297000000.000,304000000.000,318000000.000,310000000.000,321000000.000,289000000.000,307000000.000
ShareBasedCompensation,28000000.000,,,,27000000.000,,,,31000000.000,,,,36000000.000,,,,22000000.000,,,,23000000.000,,,,20000000.000,
ShareBasedCompensationArrangementByShareBasedPaymentAwardDiscountFromMarketPrice,0.850,0.850,,,,,,,,,,,,,,,,,,,,,,,,
ShareBasedCompensationArrangementByShareBasedPaymentAwardDiscountFromMarketPricePurchaseDate,,,,,0.850,,0.850,,0.850,0.850,0.850,,0.850,0.850,0.850,,0.850,0.850,0.850,,0.850,0.850,0.850,,0.850,0.850
ShareBasedCompensationArrangementByShareBasedPaymentAwardFairValueAssumptionsExpectedDividendRate,0.000,0.000,,,,,,,,,,,,,,,,,,,,,,,,
ShareBasedCompensationArrangementByShareBasedPaymentAwardFairValueAssumptionsExpectedTerm,5.800,,,,,,,,,,,,,,,,,,,,,,,,,
ShareBasedCompensationArrangementByShareBasedPaymentAwardFairValueAssumptionsWeightedAverageVolatilityRate,0.350,0.000,,,,,,,,,,,,,,,,,,,,,,,,
ShareBasedCompensationArrangementByShareBasedPaymentAwardOptionsGrantsInPeriodGross,,,,,,,,,,,,,,,,,,,,,,0.000,0.000,,,
StandardProductWarrantyAccrualPayments,-15000000.000,,,,-18000000.000,,,,20000000.000,,,,21000000.000,,,,11000000.000,,,,14000000.000,,,,13000000.000,
StandardProductWarrantyAccrualPreexistingIncreaseDecrease,0.000,,,,4000000.000,,,,,,,,,,,,,,,,,,,,,
StandardProductWarrantyAccrualWarrantiesIssued,17000000.000,,,,16000000.000,,,,22000000.000,,,,24000000.000,,,,10000000.000,,,,21000000.000,,,,13000000.000,
TreasuryStockSharesAcquired,,,,,,,,,,,,,,,,,158000.000,,,,,,,,,
UnrealizedGainOnSecurities,,,,,169000000.000,,,,,,,,,,,,,,,,,,,,,
UnrecognizedTaxBenefitsDecreasesResultingFromPriorPeriodTaxPositions,,,,,,,,,,,,,160000000.000,,,,,,,,,,,,,
WeightedAverageNumberOfDilutedSharesOutstanding,355.000,355000000.000,357000000.000,-357000355.000,352000000.000,354000000.000,353000000.000,-706000000.000,352000000.000,349000000.000,343000000.000,-699000000.000,338000000.000,337000000.000,338000000.000,-675000000.000,338000000.000,337000000.000,334000000.000,-674000000.000,332000000.000,328000000.000,328000000.000,-659000000.000,326000000.000,325000000.000
WeightedAverageNumberOfSharesOutstandingBasic,347.000,347000000.000,348000000.000,-348000347.000,348000000.000,348000000.000,348000000.000,-696000000.000,347000000.000,345000000.000,339000000.000,-690000000.000,333000000.000,333000000.000,334000000.000,-667000000.000,336000000.000,334000000.000,332000000.000,-669000000.000,329000000.000,326000000.000,325000000.000,-654000000.000,322000000.000,321000000.000
