,2011-03-31,2011-06-30,2011-09-30,2011-12-31,2012-03-31,2012-06-30,2012-09-30,2012-12-31,2013-03-31,2013-06-30,2013-09-30,2013-12-31,2014-03-31,2014-09-30,2015-03-31,2015-06-30,2015-09-30,2015-12-31,2016-03-31,2016-06-30,2016-09-30,2016-12-31,2017-03-31
AmortizationOfDebtDiscountPremium,12752000.000,12818000.000,8814000.000,13488000.000,14766000.000,16200000.000,14829000.000,16049000.000,18607000.000,16900000.000,14773000.000,16181000.000,13572000.000,10942000.000,13333000.000,,,,12354000.000,,,,11746000.000
AmortizationOfFinancingCosts,12000.000,12000.000,12000.000,13000.000,13000.000,12000.000,13000.000,14000.000,13000.000,14000.000,14000.000,13000.000,14000.000,15000.000,1000.000,,,,1000.000,,,,1000.000
AmountOfDilutiveSecuritiesStockOptionsAndRestrictiveStockUnits,,1537790000.000,2010550000.000,,1761350000.000,,,,,,,,,,,,,,,,,,
AntidilutiveSecuritiesExcludedFromComputationOfEarningsPerShareAmount,,159000.000,67000.000,,124000.000,957400.000,355594.000,-542290.000,454.000,,,,,0.000,0.000,0.000,0.000,0.000,0.000,0.000,0.000,0.000,0.000
AvailableForSaleSecuritiesChangeInNetUnrealizedHoldingGainLoss,,134517000.000,-27124000.000,,85139000.000,-2118000.000,128879000.000,-50920000.000,-50192000.000,-324876000.000,-27697000.000,-64394000.000,66625000.000,-91407000.000,134496000.000,-145079000.000,-76374000.000,-107078000.000,204884000.000,149102000.000,-12853000.000,,19997000.000
AvailableForSaleSecuritiesChangeInNetUnrealizedHoldingGainLossNetOfTax,,111637000.000,-34956000.000,,80369000.000,-2048000.000,118206000.000,-42178000.000,-50893000.000,-274368000.000,-22517000.000,-54996000.000,55345000.000,-79758000.000,105388000.000,-123734000.000,,,,,,,
BenefitsLossesAndExpenses,1548115000.000,1035966000.000,1015406000.000,1328421000.000,906303000.000,942653000.000,899776000.000,1234552000.000,897834000.000,1032088000.000,1090944000.000,1065004000.000,928562000.000,1213771000.000,1084749000.000,1164480000.000,1273726000.000,1106425000.000,1064979000.000,1241585000.000,1189569000.000,1198369000.000,1146365000.000
CashAndCashEquivalentsPeriodIncreaseDecrease,25739000.000,127376000.000,32183000.000,4945000.000,23396000.000,-73196000.000,79707000.000,58492000.000,-12914000.000,-85000000.000,150398000.000,21848000.000,-225978000.000,60233000.000,-38899000.000,,,,45285000.000,,,,-13682000.000
CommonStockDividendsPerShareDeclared,0.480,0.480,0.480,0.480,0.480,0.480,0.480,0.480,0.480,0.480,0.480,0.750,0.750,0.750,0.950,0.950,0.950,1.150,1.150,1.150,1.150,1.250,1.250
ComprehensiveIncomeNetOfTax,-310815000.000,254378000.000,5597000.000,5074000.000,401927000.000,188489000.000,406579000.000,2030000.000,313730000.000,16370000.000,207799000.000,342162000.000,347412000.000,161009000.000,327630000.000,141269000.000,-8859000.000,237757000.000,358142000.000,284991000.000,287224000.000,80978000.000,322889000.000
ConcentrationRiskPercentage1,,,,,,,,,0.001,,,,0.005,,0.002,,,,,,,,
CurrentFederalTaxExpenseBenefit,,,,,,,12747000.000,,,,,,,,,,,,,,,,
DebtRelatedCommitmentFeesAndDebtIssuanceCosts,,522000.000,611000.000,,649000.000,699000.000,786000.000,1385000.000,1129000.000,280000.000,243000.000,-688000.000,174000.000,132000.000,132000.000,167000.000,132000.000,325000.000,,,,,
DeferredIncomeTaxExpenseBenefit,,-22885000.000,-7880000.000,,4777000.000,-53000.000,10700000.000,-8710000.000,735000.000,-50402000.000,-5180000.000,-9398000.000,11280000.000,-11649000.000,25700000.000,-21344000.000,-9919000.000,-11416000.000,29472000.000,23938000.000,256000.000,14635000.000,3873000.000
DerivativeGainLossOnDerivativeNet,,,,,,,,,,,,,,1855000.000,-242000.000,6445000.000,-11428000.000,11542000.000,-3020000.000,1996000.000,6510000.000,13161000.000,2630000.000
DerivativeInstrumentsGainLossRecognizedInIncomeNet,7525000.000,-3371000.000,-23427000.000,8012000.000,6183000.000,-16306000.000,703000.000,-318000.000,15285000.000,12081000.000,5639000.000,11039000.000,-1661000.000,,,,,,,,,,
Dividends,,26081000.000,25936000.000,,25641000.000,25129000.000,24896000.000,24736000.000,24231000.000,23315000.000,23174000.000,35961000.000,34742000.000,33973000.000,42252000.000,41955000.000,41698000.000,49202000.000,,,,,
DividendsCommonStock,,,,,,,,,,,,,,,,,,,48706000.000,48132000.000,47463000.000,51083000.000,51281000.000
EarningsPerShareBasic,-5.810,2.420,1.160,0.740,5.700,4.100,4.840,1.210,7.560,5.600,4.850,7.660,6.260,6.050,7.260,4.720,2.020,8.290,4.030,3.700,7.110,9.010,7.120
EarningsPerShareDiluted,-5.810,2.410,1.160,0.750,5.680,4.080,4.820,1.210,7.500,5.560,4.810,7.570,6.210,6.000,7.190,4.680,2.000,8.230,4.000,3.670,7.060,8.950,7.070
EffectOfExchangeRateOnCashAndCashEquivalents,-8680000.000,1969000.000,3072000.000,-22863000.000,12223000.000,-4817000.000,16752000.000,3074000.000,11460000.000,-14796000.000,-12414000.000,-7683000.000,3264000.000,11052000.000,-7032000.000,,,,20792000.000,,,,8220000.000
EquityMethodInvestmentDividendsOrDistributions,86559000.000,40535000.000,15923000.000,23256000.000,8219000.000,12798000.000,32015000.000,31422000.000,83702000.000,33846000.000,10874000.000,-28341000.000,17077000.000,36744000.000,10797000.000,,,,,,,,
EquityMethodInvestmentOtherThanTemporaryImpairment,,723000.000,-1305000.000,,902000.000,559000.000,964000.000,-4606000.000,228000.000,,,,,,,,,,,,,,
FairValueMeasurementWithUnobservableInputsReconciliationRecurringBasisAssetGainLossIncludedInEarnings,,159000.000,355000.000,,88000.000,,,,,,,,,,,,,,,,,,
FairValueMeasurementWithUnobservableInputsReconciliationRecurringBasisAssetGainLossIncludedInEarnings1,,,,,,-17000.000,152000.000,,-42000.000,-698000.000,94000.000,215000.000,157000.000,1390000.000,59000.000,60000.000,54000.000,-9649000.000,-989000.000,-18000.000,15000.000,-101000.000,190000.000
FairValueMeasurementWithUnobservableInputsReconciliationRecurringBasisAssetGainLossIncludedInOtherComprehensiveIncome,,-291000.000,-391000.000,,513000.000,,,,,,,,,,,,,,,,,,
FairValueMeasurementWithUnobservableInputsReconciliationRecurringBasisAssetGainLossIncludedInOtherComprehensiveIncomeLoss,,,,,,-30000.000,752000.000,,-306000.000,-904000.000,-165000.000,-146000.000,12000.000,-335000.000,-1097000.000,1166000.000,-1424000.000,5167000.000,-6000.000,1398000.000,-1371000.000,36000.000,-29000.000
FairValueMeasurementWithUnobservableInputsReconciliationRecurringBasisAssetPeriodIncreaseDecrease,,,,,,,,,,,,,,,,,,,-997000.000,,,,
FairValueMeasurementWithUnobservableInputsReconciliationRecurringBasisAssetPurchasesSalesIssuancesSettlements,,-225000.000,2442000.000,,6083000.000,6542000.000,-551000.000,46670000.000,786000.000,4109000.000,-2276000.000,-186000.000,-951000.000,58101000.000,1940000.000,-12000.000,1723000.000,-25000.000,11771000.000,16749000.000,28064000.000,8564000.000,19228000.000
FairValueMeasurementWithUnobservableInputsReconciliationRecurringBasisAssetTransfersNet,,-7232000.000,-374000.000,,-6352000.000,-9403000.000,-3450000.000,-8927000.000,-45096000.000,11108000.000,-12396000.000,0.000,-936000.000,-1431000.000,-7887000.000,-197000.000,3543000.000,-3658000.000,,,2015000.000,,
FairValueMeasurementWithUnobservableInputsReconciliationRecurringBasisLiabilityGainLossIncludedInEarnings,,3371000.000,23427000.000,,-6183000.000,16306000.000,-703000.000,318000.000,-15285000.000,-12081000.000,-5639000.000,-11039000.000,1661000.000,-1855000.000,242000.000,6445000.000,-11428000.000,11058000.000,-3020000.000,1996000.000,6510000.000,13160000.000,2630000.000
FairValueMeasurementWithUnobservableInputsReconciliationRecurringBasisLiabilityPeriodIncreaseDecrease,,,,,,,,,,,,,,,,,,,,,,,0.000
FairValueMeasurementWithUnobservableInputsReconciliationRecurringBasisLiabilityValue,,54313000.000,,,,,,,,,,,,,,,,,,,,,
GainLossOnSaleOfSecuritiesNet,26923000.000,-4845000.000,-136621000.000,137689000.000,104607000.000,-16114000.000,66291000.000,19638000.000,126926000.000,33905000.000,44958000.000,95490000.000,21126000.000,-9342000.000,15513000.000,-7940000.000,-139526000.000,50005000.000,-45466000.000,34128000.000,1247000.000,34470000.000,53957000.000
GainOrLossOnSaleOfStockInSubsidiary,,,,,,,,,,,,,,,,,,,,,28032000.000,,
GeneralAndAdministrativeExpense,3928000.000,3790000.000,4204000.000,4539000.000,4661000.000,6075000.000,5947000.000,7293000.000,5717000.000,6168000.000,4758000.000,8174000.000,4945000.000,9958000.000,5463000.000,5925000.000,5924000.000,5942000.000,7886000.000,7117000.000,6400000.000,,
IncomeLossFromContinuingOperationsBeforeIncomeTaxesExtraordinaryItemsNoncontrollingInterest,,,,,,,,,,,,,,,,271306000.000,101439000.000,,177067000.000,186299000.000,320887000.000,415591000.000,338413000.000
IncomeLossFromContinuingOperationsBeforeIncomeTaxesMinorityInterestAndIncomeLossFromEquityMethodInvestments,-341670000.000,140825000.000,9388000.000,-42490000.000,342821000.000,239402000.000,319205000.000,38098000.000,469839000.000,322455000.000,310554000.000,452118000.000,355254000.000,322109000.000,380237000.000,,,,,,,,
IncomeLossFromEquityMethodInvestments,36305000.000,14309000.000,16439000.000,-10504000.000,12520000.000,15972000.000,18274000.000,17013000.000,17356000.000,18994000.000,4343000.000,5212000.000,-2313000.000,21238000.000,,,,,,,,,
IncomeTaxExpenseBenefit,-25776000.000,9513000.000,-53666000.000,-83532000.000,38117000.000,24851000.000,68283000.000,-20679000.000,85496000.000,46813000.000,72027000.000,85370000.000,53232000.000,20856000.000,41167000.000,35834000.000,-6133000.000,63153000.000,5381000.000,30607000.000,25493000.000,42019000.000,46770000.000
IncomeTaxReconciliationOtherAdjustments,,,,,,-9257000.000,-21674000.000,,-12417000.000,,,,,,,,,,,,,,
IncomeTaxReconciliationPriorYearIncomeTaxes,,,,,,,752000.000,,,,,,,,,,,,,,,,
IncomeTaxesPaidNet,11924000.000,-24471000.000,6627000.000,-38617000.000,11184000.000,12617000.000,30662000.000,5291000.000,19188000.000,47550000.000,-1820000.000,4384000.000,16260000.000,49319000.000,24266000.000,,,,5000000.000,,,,9593000.000
IncreaseDecreaseInDeferredIncomeTaxes,-19240000.000,17582000.000,75216000.000,120471000.000,-30005000.000,-3956000.000,-14935000.000,-16013000.000,-37569000.000,-18071000.000,-57638000.000,-64337000.000,,,,,,,,,,,
IncreaseDecreaseInFundsHeldUnderReinsuranceAgreements,-16843000.000,-22645000.000,22036000.000,-784000.000,2266000.000,-10673000.000,-37682000.000,3791000.000,-4584000.000,16828000.000,-12729000.000,323000.000,-3399000.000,9077000.000,-62973000.000,,,,-60592000.000,,,,-1211000.000
IncreaseDecreaseInFuturePolicyBenefitReserves,-218000.000,-176000.000,-638000.000,5217000.000,-345000.000,-574000.000,-535000.000,374000.000,-796000.000,229000.000,-285000.000,-5743000.000,-1423000.000,-735000.000,-127000.000,,,,-473000.000,,,,83000.000
IncreaseDecreaseInIncomeTaxesReceivable,,,,,3309000.000,-4768000.000,-19927000.000,48217000.000,-26658000.000,25569000.000,-15641000.000,-19503000.000,-34417000.000,29953000.000,-14214000.000,,,,3883000.000,,,,-37010000.000
IncreaseDecreaseInLiabilityForClaimsAndClaimsAdjustmentExpenseReserve,,,,,,,,,,,,,,,,,,,,,,,99095000.000
IncreaseDecreaseInLossAndLossAdjustmentExpenseReserve,-546447000.000,-146938000.000,115014000.000,-247859000.000,172164000.000,95066000.000,138310000.000,-235945000.000,127942000.000,47200000.000,100751000.000,98134000.000,56348000.000,-164456000.000,-55334000.000,,,,-50497000.000,,,,
IncreaseDecreaseInOtherOperatingCapitalNet,-45248000.000,21301000.000,-94111000.000,-96643000.000,-26334000.000,-92669000.000,-65247000.000,107462000.000,43814000.000,31052000.000,-6754000.000,-10900000.000,23959000.000,-24758000.000,-24542000.000,,,,-3844000.000,,,,-12998000.000
IncreaseDecreaseInPremiumsReceivable,118423000.000,35074000.000,6371000.000,75692000.000,-37271000.000,-70139000.000,227333000.000,33771000.000,53067000.000,167239000.000,181317000.000,-183945000.000,-25533000.000,157818000.000,98195000.000,,,,-7604000.000,,,,220367000.000
IncreaseDecreaseInPrepaidReinsurancePremiums,-17027000.000,-22319000.000,-10126000.000,3098000.000,-5993000.000,-3130000.000,27524000.000,-34759000.000,-3446000.000,10354000.000,14605000.000,-8736000.000,-2359000.000,33132000.000,-12144000.000,,,,10219000.000,,,,23704000.000
IncreaseDecreaseInReinsurancePayables,,,,,-3122000.000,30025000.000,138239000.000,-64576000.000,4188000.000,25577000.000,33937000.000,-108745000.000,1176000.000,1438000.000,68365000.000,,,,5254000.000,,,,13666000.000
IncreaseDecreaseInReinsuranceRecoverable,-17218000.000,-537000.000,-89855000.000,10061000.000,-20782000.000,33809000.000,22945000.000,19302000.000,92736000.000,-26758000.000,11187000.000,-196128000.000,114898000.000,119381000.000,84665000.000,,,,32865000.000,,,,30158000.000
IncreaseDecreaseInUnearnedPremiums,-7131000.000,-106556000.000,34686000.000,39179000.000,12593000.000,-186162000.000,121344000.000,-46193000.000,54323000.000,72212000.000,178193000.000,-42769000.000,80016000.000,158734000.000,-40934000.000,,,,-26116000.000,,,,125614000.000
IncrementalCommonSharesAttributableToCallOptionsAndWarrants,,,,,,,,,,,,,,,,,,,334000.000,296000.000,284000.000,-913700.000,267000.000
InterestExpense,12998000.000,13116000.000,13085000.000,13120000.000,13178000.000,13244000.000,13331000.000,13930000.000,13481000.000,17362000.000,7637000.000,7638000.000,7568000.000,12424000.000,8990000.000,9026000.000,8990000.000,9185000.000,9228000.000,9073000.000,8893000.000,9034000.000,8964000.000
InterestExpenseDebt,,,,,,,,,,,,,,,,,,,4868000.000,4868000.000,4868000.000,4868000.000,4868000.000
InterestExpenseJuniorSubordinatedDebentures,,5114000.000,5113000.000,,5113000.000,5114000.000,5113000.000,5114000.000,5113000.000,3068000.000,,,,,,,,,,,,,
InterestExpenseLongTermDebt,,3387000.000,3386000.000,,3387000.000,,,,,,,,,,,,,,,,,,
InterestExpenseSubordinatedNotesAndDebentures,,,,,,3937000.000,3937000.000,,3937000.000,3937000.000,3937000.000,3937000.000,3937000.000,3937000.000,3937000.000,3937000.000,3937000.000,3938000.000,3937000.000,3937000.000,3937000.000,3938000.000,3937000.000
InterestPaidNet,5519000.000,20259000.000,5607000.000,20262000.000,5698000.000,20387000.000,5851000.000,21072000.000,6001000.000,17280000.000,243000.000,14866000.000,174000.000,132000.000,132000.000,,,,370000.000,,,,105000.000
InvestmentIncomeInterestAndDividend,,164733000.000,162045000.000,,156154000.000,153135000.000,156600000.000,153067000.000,154504000.000,155970000.000,135432000.000,136362000.000,130519000.000,150343000.000,131356000.000,132598000.000,122002000.000,119430000.000,109295000.000,139588000.000,130263000.000,121386000.000,128719000.000
InvestmentIncomeInvestmentExpense,,-6115000.000,-5580000.000,,3716000.000,3806000.000,4576000.000,6656000.000,8723000.000,7241000.000,7560000.000,10235000.000,7362000.000,8200000.000,8773000.000,7552000.000,6491000.000,8745000.000,6771000.000,6851000.000,7606000.000,6219000.000,6430000.000
InvestmentIncomeNet,,158618000.000,156465000.000,,152438000.000,149329000.000,152024000.000,146411000.000,145781000.000,148729000.000,127872000.000,126127000.000,123157000.000,142143000.000,122583000.000,125046000.000,115511000.000,110685000.000,102524000.000,132737000.000,122657000.000,115167000.000,122289000.000
LiabilityForFuturePolicyBenefitsPeriodExpense,,,,,,,,,,,,,,,,,,,-301000.000,425000.000,517000.000,-466000.000,
LiabilityForUnpaidClaimsAndClaimsAdjustmentExpenseClaimsPaidCurrentYear1,,,,,,,,,,,,,,,,,,,,,,,106606000.000
LiabilityForUnpaidClaimsAndClaimsAdjustmentExpenseClaimsPaidPriorYears1,,,,,,,,,,,,,,,,,,,,,,,582431000.000
LiabilityForUnpaidClaimsAndClaimsAdjustmentExpenseIncurredClaims1,,,,,,,,,,,,,,,,,,,,,,,770788000.000
LineOfCreditFacilityCommitmentFeeAmount,,,,,,,,,,,,,,,,,,,370000.000,213000.000,35000.000,175000.000,104000.000
MarketableSecuritiesRealizedGainLossOtherThanTemporaryImpairmentsAmount,14767000.000,,1050000.000,,5888000.000,466000.000,3548000.000,120000.000,191000.000,,,,,106000.000,26018000.000,16238000.000,20445000.000,39498000.000,28793000.000,1470000.000,867000.000,465000.000,1229000.000
NetCashProvidedByUsedInFinancingActivities,-71978000.000,-20202000.000,-111613000.000,-30276000.000,-148029000.000,-109785000.000,-48010000.000,-63093000.000,-235945000.000,-504884000.000,-70572000.000,,-211904000.000,-181976000.000,8662000.000,,,,-134469000.000,,,,-69427000.000
NetCashProvidedByUsedInFinancingActivitiesContinuingOperations,-71978000.000,-20202000.000,-111613000.000,-30276000.000,-148029000.000,-109785000.000,-48010000.000,-63093000.000,-235945000.000,-504884000.000,-70572000.000,,-211904000.000,-181976000.000,8662000.000,,,,-134469000.000,,,,-69427000.000
NetCashProvidedByUsedInInvestingActivities,-81709000.000,-5031000.000,-67186000.000,-54780000.000,-6536000.000,-97366000.000,-63961000.000,-65967000.000,-14101000.000,264505000.000,-147000000.000,,-384435000.000,-104355000.000,-495665000.000,,,,-208183000.000,,,,-334287000.000
NetCashProvidedByUsedInInvestingActivitiesContinuingOperations,-81709000.000,-5031000.000,-67186000.000,-54780000.000,-6536000.000,-97366000.000,-63961000.000,-65967000.000,-14101000.000,264505000.000,-147000000.000,,-384435000.000,-104355000.000,-495665000.000,,,,-208183000.000,,,,-334287000.000
NetCashProvidedByUsedInOperatingActivities,188106000.000,150640000.000,207910000.000,112864000.000,165738000.000,138772000.000,174926000.000,184478000.000,225672000.000,170175000.000,380384000.000,,367097000.000,335512000.000,455136000.000,,,,367145000.000,,,,381812000.000
NetCashProvidedByUsedInOperatingActivitiesContinuingOperations,188106000.000,150640000.000,207910000.000,112864000.000,165738000.000,138772000.000,174926000.000,184478000.000,225672000.000,170175000.000,380384000.000,,367097000.000,335512000.000,455136000.000,,,,367145000.000,,,,381812000.000
NetIncomeLoss,-315894000.000,131312000.000,63054000.000,41042000.000,304704000.000,214551000.000,250922000.000,58777000.000,384343000.000,275642000.000,234759000.000,364638000.000,293933000.000,274916000.000,322978000.000,209057000.000,88553000.000,357281000.000,171686000.000,155692000.000,295394000.000,,
NetIncomeLossAttributableToNoncontrollingInterest,,,,,,,,,,,3768000.000,,8089000.000,26337000.000,16092000.000,26415000.000,19019000.000,35093000.000,,,,,
NetIncomeLossAvailableToCommonStockholdersBasic,,104514000.000,36865000.000,,276821000.000,187610000.000,224373000.000,33913000.000,357222000.000,249979000.000,209638000.000,325547000.000,256717000.000,238407000.000,277755000.000,165306000.000,46364000.000,304884000.000,121697000.000,106407000.000,245248000.000,319063000.000,237754000.000
NetInvestmentIncome,178705000.000,158618000.000,156465000.000,126253000.000,152438000.000,149329000.000,152024000.000,146411000.000,145781000.000,148729000.000,127872000.000,126127000.000,123157000.000,142143000.000,122583000.000,125046000.000,115511000.000,110685000.000,102524000.000,132737000.000,122657000.000,115167000.000,122289000.000
OtherComprehensiveIncomeAvailableForSaleSecuritiesAdjustmentBeforeTaxPeriodIncreaseDecrease,,133794000.000,-25819000.000,,,,,,,,,,,,,,,,,,,,
OtherComprehensiveIncomeAvailableForSaleSecuritiesAdjustmentNetOfTaxPeriodIncreaseDecrease,,,,,80369000.000,,,,,,,,,,,,,,,,,,
OtherComprehensiveIncomeAvailableforsaleSecuritiesAdjustmentBeforeTaxPortionAttributableToParent,,,,,,,,,-50192000.000,,,,,,,,,,,,,,
OtherComprehensiveIncomeAvailableforsaleSecuritiesTaxPortionAttributableToParent,,,,,,,,,1529000.000,,,,,,,,,,,,,,
OtherComprehensiveIncomeDefinedBenefitPlansAdjustmentNetOfTaxPeriodIncreaseDecrease,,111637000.000,-34956000.000,,80369000.000,,,,,,,,,,,,,,,,,,
OtherComprehensiveIncomeFinalizationOfPensionAndNonPensionPostretirementPlanValuationTax,,-401000.000,-402000.000,,-529000.000,,,,,,,,,,,,,,,,,,
OtherComprehensiveIncomeForeignCurrencyTransactionAndTranslationAdjustmentBeforeTaxPeriodIncreaseDecrease,,10101000.000,-25701000.000,,18722000.000,,,,,,,,,,,,,,,,,,
OtherComprehensiveIncomeForeignCurrencyTransactionAndTranslationAdjustmentNetOfTaxPeriodIncreaseDecrease,,10683000.000,-23247000.000,,15870000.000,,,,,,,,,,,,,,,,,,
OtherComprehensiveIncomeForeignCurrencyTransactionAndTranslationGainLossArisingDuringPeriodNetOfTax,,,,,,,,,-21066000.000,,,,-2637000.000,,-102340000.000,,,,9773000.000,,,,
OtherComprehensiveIncomeForeignCurrencyTranslationAdjustmentTax,,582000.000,2454000.000,,-2852000.000,,,,,,,,,,,,,,,,,,
OtherComprehensiveIncomeLossAvailableForSaleSecuritiesAdjustmentBeforeTax,,,,,,,,,-45273000.000,,,,,,,,,,,,,,
OtherComprehensiveIncomeLossAvailableForSaleSecuritiesAdjustmentNetOfTax,,,,,,-2048000.000,118206000.000,,-50893000.000,-274368000.000,-22517000.000,-54996000.000,55345000.000,-79758000.000,105388000.000,-123734000.000,-66463000.000,-95630000.000,175343000.000,122908000.000,-12254000.000,-213250000.000,17349000.000
OtherComprehensiveIncomeLossBeforeTax,,,,,,,,,-73278000.000,-308856000.000,-34491000.000,-24665000.000,60955000.000,-129136000.000,16688000.000,-79572000.000,-121279000.000,-132487000.000,224765000.000,164554000.000,-9510000.000,-340715000.000,36893000.000
OtherComprehensiveIncomeLossForeignCurrencyTransactionAndTranslationAdjustmentBeforeTax,,,,,,-29229000.000,44491000.000,,-25156000.000,13950000.000,-9056000.000,9800000.000,-6856000.000,-38998000.000,-120275000.000,63031000.000,-47298000.000,-36376000.000,17819000.000,13389000.000,1393000.000,-86403000.000,
OtherComprehensiveIncomeLossForeignCurrencyTransactionAndTranslationAdjustmentNetOfTax,,,,,,-24997000.000,36252000.000,,-21066000.000,13751000.000,-5913000.000,13066000.000,-2637000.000,-34974000.000,-102340000.000,54337000.000,-32505000.000,-31022000.000,9773000.000,5050000.000,2816000.000,-72980000.000,11893000.000
OtherComprehensiveIncomeLossForeignCurrencyTranslationAdjustmentTax,,,,,,-4232000.000,8239000.000,,-4090000.000,199000.000,-3143000.000,-3266000.000,-4219000.000,-4024000.000,-17935000.000,8694000.000,-14793000.000,-5354000.000,8046000.000,8339000.000,-1423000.000,-13423000.000,
OtherComprehensiveIncomeLossNetOfTax,,,,,,-26062000.000,155657000.000,,-70613000.000,-259272000.000,-26960000.000,-22476000.000,53479000.000,-113907000.000,4652000.000,-67788000.000,-97412000.000,-119524000.000,186456000.000,129299000.000,-8170000.000,-292594000.000,31246000.000
OtherComprehensiveIncomeLossNetOfTaxPeriodIncreaseDecrease,5079000.000,123066000.000,-57457000.000,-35968000.000,97223000.000,,,,,,,,,,,,,,,,,,
OtherComprehensiveIncomeLossNetOfTaxPortionAttributableToParent,,,,,,,,,,,-26960000.000,,53479000.000,-113907000.000,4652000.000,-67788000.000,-97412000.000,-119524000.000,,,,,
OtherComprehensiveIncomeLossPensionAndOtherPostretirementBenefitPlansAdjustmentBeforeTax,,,,,,-1513000.000,-1845000.000,,-2070000.000,,,,,,,,,,,,,,
OtherComprehensiveIncomeLossPensionAndOtherPostretirementBenefitPlansAdjustmentNetOfTax,,,,,,-983000.000,-1199000.000,,-1346000.000,-1345000.000,-1470000.000,-19454000.000,-771000.000,-825000.000,-1604000.000,-1609000.000,-1556000.000,-7128000.000,-1340000.000,-1341000.000,-1268000.000,6364000.000,-2004000.000
OtherComprehensiveIncomeLossPensionAndOtherPostretirementBenefitPlansTax,,,,,,-530000.000,-646000.000,,-724000.000,,,,,,,,,,,,,,
OtherComprehensiveIncomeLossReclassificationAdjustmentForSaleOfSecuritiesIncludedInNetIncomeBeforeTax,,,,,,,,,,-2114000.000,-1892000.000,,2436000.000,,,,,,,,,,
OtherComprehensiveIncomeLossReclassificationAdjustmentForSaleOfSecuritiesIncludedInNetIncomeNetOfTax,,,,,,-7456000.000,1512000.000,,-4091000.000,-1828000.000,-1592000.000,534000.000,1874000.000,,,,,,,,,,
OtherComprehensiveIncomeLossReclassificationAdjustmentForSaleOfSecuritiesIncludedInNetIncomeTax,,,,,,,,,-828000.000,-286000.000,-300000.000,3000.000,562000.000,,,,,,,,,,
OtherComprehensiveIncomeLossReclassificationAdjustmentFromAOCIForSaleOfSecuritiesBeforeTax,,,,,,,,,,,,,,7024000.000,-34023000.000,-19709000.000,-29235000.000,-48244000.000,-45646000.000,1867000.000,5045000.000,15502000.000,
OtherComprehensiveIncomeLossReclassificationAdjustmentFromAOCIForSaleOfSecuritiesNetOfTax,,,,,,,,,,,,,,5684000.000,-22183000.000,-12747000.000,-24596000.000,-34162000.000,-32381000.000,1448000.000,3222000.000,12593000.000,2199000.000
OtherComprehensiveIncomeLossReclassificationAdjustmentFromAOCIForSaleOfSecuritiesTax,,,,,,,,,,,,,,1340000.000,-11840000.000,-6962000.000,-4639000.000,-14082000.000,-13265000.000,419000.000,1823000.000,2909000.000,
OtherComprehensiveIncomeLossReclassificationAdjustmentFromAOCIForWritedownOfSecuritiesBeforeTax,,,,,,,,,,,,,,,,,-253000.000,,-210000.000,8714000.000,-1836000.000,1066000.000,
OtherComprehensiveIncomeLossReclassificationAdjustmentFromAOCIForWritedownOfSecuritiesNetOfTax,,,,,,,,,,,,,,,,,-261000.000,,141000.000,6458000.000,-981000.000,327000.000,
OtherComprehensiveIncomeLossReclassificationAdjustmentFromAOCIForWritedownOfSecuritiesTax,,,,,,,,,,,,,,,,,8000.000,,69000.000,2256000.000,-855000.000,319000.000,
OtherComprehensiveIncomeLossReclassificationAdjustmentFromAOCIPensionAndOtherPostretirementBenefitPlansForNetGainLossBeforeTax,,,,,,,,,,,,,,-1269000.000,-2467000.000,-2476000.000,-2393000.000,-2227000.000,-2062000.000,-2063000.000,-1951000.000,-1729000.000,
OtherComprehensiveIncomeLossReclassificationAdjustmentFromAOCIPensionAndOtherPostretirementBenefitPlansForNetGainLossNetOfTax,,,,,,,,,,,,,,-825000.000,-1604000.000,-1609000.000,-1556000.000,-1447000.000,-1340000.000,-1341000.000,-1268000.000,-1124000.000,-2004000.000
OtherComprehensiveIncomeLossReclassificationAdjustmentFromAOCIPensionAndOtherPostretirementBenefitPlansForNetGainLossTax,,,,,,,,,,,,,,-444000.000,-863000.000,-867000.000,-837000.000,-780000.000,-722000.000,-722000.000,-683000.000,-605000.000,
OtherComprehensiveIncomeLossReclassificationPensionAndOtherPostretirementBenefitPlansNetGainLossRecognizedInNetPeriodicBenefitCostTax,,,,,,,,,,725000.000,792000.000,,415000.000,,,,,,,,,,
OtherComprehensiveIncomeLossTax,98757000.000,,,,121121000.000,,,,116965000.000,,,,65137000.000,,32751000.000,,,,22446000.000,,,,5647000.000
OtherComprehensiveIncomeLossTaxPortionAttributableToParent1,,,,,,,,,-2665000.000,-49584000.000,-7531000.000,-2189000.000,7476000.000,-15229000.000,12036000.000,-11784000.000,-23867000.000,-12963000.000,38309000.000,35255000.000,-1340000.000,-48121000.000,
OtherComprehensiveIncomeMinimumPensionLiabilityNetAdjustmentNetOfTax,,,,,984000.000,,,,,,,,,,,,,,,,,,
OtherComprehensiveIncomeReclassificationAdjustmentForSaleOfSecuritiesIncludedInNetIncomeNetOfTax,,,,,242000.000,,,,,,,,,,,,,,,,,,
OtherComprehensiveIncomeReclassificationOfDefinedBenefitPlansNetGainLossRecognizedInNetPeriodicBenefitCostBeforeTax,,,,,,,,,,2070000.000,2262000.000,,1186000.000,,,,,,,,,,
OtherComprehensiveIncomeReclassificationOfDefinedBenefitPlansNetGainLossRecognizedInNetPeriodicBenefitCostNetOfTax,,,,,,,,,,1345000.000,1470000.000,,771000.000,,,,,,,,,,
OtherComprehensiveIncomeUnrealizedHoldingGainLossOnSecuritiesArisingDuringPeriodBeforeTax,,,,,84237000.000,-2677000.000,127915000.000,-31070000.000,-45045000.000,-321618000.000,-25661000.000,-64868000.000,64113000.000,-84122000.000,90789000.000,-164311000.000,-105356000.000,-154779000.000,159028000.000,142255000.000,-5972000.000,-229666000.000,
OtherComprehensiveIncomeUnrealizedHoldingGainLossOnSecuritiesArisingDuringPeriodNetOfTax,,,,,80127000.000,5408000.000,116694000.000,-28204000.000,-46802000.000,-272540000.000,-20925000.000,-55530000.000,53471000.000,-74074000.000,83205000.000,-136481000.000,-91059000.000,-129792000.000,142962000.000,124356000.000,-9032000.000,-200657000.000,19548000.000
OtherComprehensiveIncomeUnrealizedHoldingGainLossOnSecuritiesArisingDuringPeriodTax,,,,,,70000.000,-10673000.000,,1563000.000,-50116000.000,-4880000.000,-9401000.000,10718000.000,-10309000.000,13860000.000,-28306000.000,-14558000.000,-25498000.000,16207000.000,24357000.000,2079000.000,-28682000.000,
OtherCostAndExpenseOperating,3387000.000,13446000.000,14911000.000,-8655000.000,6194000.000,-27812000.000,5943000.000,12357000.000,8887000.000,-8295000.000,2726000.000,2169000.000,3296000.000,-11332000.000,-46073000.000,3925000.000,,,2066000.000,28367000.000,,,
OtherCostOfOperatingRevenue,,,,,,,,,,,,,,,,,-17413000.000,,,,,,
OtherOperatingIncomeExpenseNet,,,,,,,,,,,,,,,,,,,,,9435000.000,,-4966000.000
OtherTaxExpenseBenefit,,,,,,,11223000.000,,,,,,,,,,,,,,,,
OtherThanTemporaryImpairmentLossesInvestmentsHeldtomaturitySecurities,,,-1305000.000,,902000.000,,,,,,,,,,,,,,,,,,
OtherThanTemporaryImpairmentLossesInvestmentsPortionInOtherComprehensiveIncomeLossTaxPortionAttributableToParent,,,,,,,,,34000.000,,,,,,,,,,,,,,
OtherUnderwritingExpense,44956000.000,45897000.000,49437000.000,42113000.000,48495000.000,49675000.000,55762000.000,53727000.000,52946000.000,54901000.000,59860000.000,69419000.000,50638000.000,63113000.000,60664000.000,63951000.000,70667000.000,70702000.000,72110000.000,72077000.000,78563000.000,79972000.000,75887000.000
PaymentsForLossesAndLossAdjustmentExpense,,,,,,,,,,,,,,,,,,,,,,,689037000.000
PaymentsForProceedsFromShortTermInvestments,-132939000.000,130222000.000,51333000.000,-149585000.000,257705000.000,5025000.000,24466000.000,-112153000.000,-78507000.000,-53629000.000,139544000.000,350043000.000,152715000.000,-138855000.000,7567000.000,,,,-360238000.000,,,,45178000.000
PaymentsForRepurchaseOfCommonStock,37611000.000,,46628000.000,,124999000.000,100000000.000,25026000.000,39963000.000,238632000.000,211323000.000,100001000.000,71959000.000,249983000.000,74991000.000,75040000.000,,,,85914000.000,,,,
PaymentsForRepurchaseOfRedeemableNoncontrollingInterest,,,,,,,,,,,,,,65000000.000,-156848000.000,,,,,,,,
PaymentsOfDividends,26045000.000,26081000.000,25936000.000,25786000.000,25641000.000,25129000.000,24897000.000,24735000.000,24231000.000,23315000.000,23174000.000,35961000.000,34742000.000,,,,,,,,,,
PaymentsOfDividendsCommonStock,,25910000.000,25764000.000,,25405000.000,24893000.000,24732000.000,24546000.000,24019000.000,23107000.000,22971000.000,35592000.000,34391000.000,33973000.000,42252000.000,,,,48706000.000,,,,51281000.000
PaymentsOfDividendsMinorityInterest,,,,,,,,,,,,,,10334000.000,30896000.000,,,,,,,,
PaymentsRelatedToTaxWithholdingForShareBasedCompensation,,,,,,,,,,,,,,,,,,,,,,,11517000.000
PaymentsToAcquireAvailableForSaleSecuritiesDebt,,,,,,2382000.000,1658000.000,,1295000.000,1411000.000,2092000.000,1398000.000,1309000.000,22375000.000,,,,,,,,,
PaymentsToAcquireAvailableForSaleSecuritiesEquity,,,,,,79934000.000,111767000.000,,122617000.000,121327000.000,180308000.000,196786000.000,92329000.000,79557000.000,171411000.000,,,,96297000.000,,,,66902000.000
PaymentsToAcquireBusinessesNetOfCashAcquired,63100000.000,,,,,,,,,,,,,,,,,,,,,,
PaymentsToAcquireInterestInSubsidiariesAndAffiliates,24558000.000,27544000.000,5730000.000,7000000.000,11912000.000,16680000.000,21089000.000,8688000.000,6684000.000,4617000.000,3762000.000,6872000.000,4961000.000,86523000.000,41961000.000,,,,1454123000.000,,,,1184270000.000
PaymentsToAcquireTrustPreferredInvestments,,,,,209591000.000,,,,,,,,,,,,,,,,,,
PensionContributions,,0.000,0.000,,,,,,,,,,,,,0.000,0.000,,0.000,,30000000.000,,0.000
PolicyholderBenefitsAndClaimsIncurredNet,1249776000.000,735789000.000,720711000.000,1019928000.000,602466000.000,607870000.000,603654000.000,931275000.000,592644000.000,711590000.000,770102000.000,725915000.000,619409000.000,837757000.000,722465000.000,790661000.000,888097000.000,700692000.000,700749000.000,857816000.000,786168000.000,794896000.000,770788000.000
PremiumsEarnedNet,1011446000.000,1039835000.000,1044338000.000,1005728000.000,997978000.000,1037800000.000,1009454000.000,1119396000.000,1088759000.000,1151533000.000,1225755000.000,1287496000.000,1144490000.000,1389998000.000,1307077000.000,1332398000.000,1413640000.000,1428344000.000,1218867000.000,1288860000.000,1371474000.000,1441265000.000,1312097000.000
ProceedsFromEquityMethodInvestmentDividendsOrDistributionsReturnOfCapital,,,,,,,,,,,,,,,,,,,1111710000.000,,,,1165905000.000
ProceedsFromIssuanceOfCommonStock,1678000.000,5879000.000,951000.000,3761000.000,2611000.000,15344000.000,1913000.000,1605000.000,26918000.000,19651000.000,5103000.000,-172000.000,2121000.000,2322000.000,2000.000,,,,151000.000,,,,
ProceedsFromIssuanceOfRedeemablePreferredStock,,,,,,,,,,,87500000.000,,70700000.000,,,,,,,,,,
ProceedsFromLinesOfCredit,,,,,,,,,,40000000.000,-40000000.000,,,,,,,,,,,,
ProceedsFromMaturitiesPrepaymentsAndCallsOfAvailableForSaleSecurities,,,,,,,1300000.000,,3000000.000,4213000.000,,,875000.000,,,,,,,,,,
ProceedsFromRepurchaseOfEquity,,,,,,,,,,,,,,,,,,,,,,,-6629000.000
ProceedsFromSaleOfAvailableForSaleSecuritiesDebt,,,,,,1862000.000,11783000.000,,3664000.000,13678000.000,1056000.000,3175000.000,20763000.000,3093000.000,1236000.000,,,,,,,,
ProceedsFromSaleOfAvailableForSaleSecuritiesEquity,,,,,,53950000.000,89311000.000,,106175000.000,252594000.000,101176000.000,245886000.000,178598000.000,147622000.000,137966000.000,,,,92245000.000,,,,140315000.000
ProfitLoss,,,,,,,,,,,238527000.000,,302022000.000,301253000.000,339070000.000,235472000.000,107572000.000,392374000.000,,,,,291643000.000
RealizedInvestmentGainsLosses,12156000.000,-4845000.000,-137671000.000,137283000.000,98719000.000,-16580000.000,62743000.000,19518000.000,126735000.000,33905000.000,44958000.000,94629000.000,21126000.000,-9448000.000,-10505000.000,-24178000.000,-159971000.000,10507000.000,-74259000.000,32658000.000,380000.000,34005000.000,52728000.000
ReimbursementFromLimitedPartnershipInvestment,,,,,,,,,,,,,8600000.000,27735000.000,8600000.000,,,,15915000.000,,,,5384000.000
RepaymentsOfLongTermLinesOfCredit,10000000.000,,40000000.000,,,,,,,,,,,,,,,,,,,,
Revenues,1206445000.000,1176791000.000,1024794000.000,1285931000.000,1249124000.000,1182055000.000,1218981000.000,1272650000.000,1367673000.000,1354543000.000,1401498000.000,1517122000.000,1283816000.000,1535880000.000,1464986000.000,1435786000.000,1375165000.000,1561952000.000,1242046000.000,1427884000.000,1510456000.000,1613960000.000,1484778000.000
SalesRevenueNet,1015584000.000,1002243000.000,959779000.000,1022395000.000,888453000.000,934840000.000,875258000.000,1200654000.000,885034000.000,1028934000.000,1081462000.000,1058062000.000,911092000.000,1204576000.000,1116127000.000,1152049000.000,1264797000.000,1440760000.000,1213781000.000,1262489000.000,1387419000.000,1464788000.000,1309761000.000
SellingAndMarketingExpense,236457000.000,237374000.000,227969000.000,248721000.000,237503000.000,265789000.000,221082000.000,228327000.000,233046000.000,242067000.000,248587000.000,253858000.000,246002000.000,290519000.000,287167000.000,294917000.000,300048000.000,319904000.000,275006000.000,295502000.000,309545000.000,308639000.000,282269000.000
ShareBasedCompensation,3446000.000,4212000.000,5295000.000,4740000.000,5722000.000,7652000.000,9452000.000,9158000.000,5614000.000,4551000.000,4923000.000,16756000.000,4427000.000,4952000.000,5170000.000,,,,8041000.000,,,,7501000.000
ShareBasedCompensationArrangementByShareBasedPaymentAwardEquityInstrumentsOtherThanOptionsGrantsInPeriod,,5657.000,,,,,,,,,,,,,,,,,,,,,
ShareBasedCompensationArrangementByShareBasedPaymentAwardFairValueAssumptionsExpectedDividendRate,,,,,0.020,,0.020,,,,,,,,,,,,,,,,
ShareBasedCompensationArrangementByShareBasedPaymentAwardFairValueAssumptionsExpectedTerm,,,,,6.690,,,,,,,,,,,,,,,,,,
ShareBasedCompensationArrangementByShareBasedPaymentAwardFairValueAssumptionsRiskFreeInterestRate,,,,,0.013,,0.010,,,,,,,,,,,,,,,,
ShareBasedCompensationArrangementByShareBasedPaymentAwardFairValueAssumptionsWeightedAverageVolatilityRate,,,,,0.262,,0.258,,,,,,,,,,,,,,,,
ShareBasedCompensationArrangementByShareBasedPaymentAwardOptionsGrantsInPeriod,,5500.000,,,,,,,,,,,,,,,,,,,,,
ShareBasedCompensationArrangementByShareBasedPaymentAwardOptionsGrantsInPeriodGross,,,,,,,454.000,,,,,,,0.000,149832.000,,,,,,,,
ShareBasedCompensationArrangementByShareBasedPaymentAwardOptionsGrantsInPeriodWeightedAverageGrantDateFairValue,,,,,19.200,,,,,,,,,,,,,,,,,,
SupplementalInformationForPropertyCasualtyInsuranceUnderwritersCurrentYearClaimsAndClaimsAdjustmentExpense,,,,,,,,,,,,,,,,,,,,,,,770660000.000
SupplementalInformationForPropertyCasualtyInsuranceUnderwritersPriorYearClaimsAndClaimsAdjustmentExpense,,,,,,,,,,,,,,,,,,,,,,,128000.000
TranslationAdjustmentFunctionalToReportingCurrencyNetOfTaxPeriodIncreaseDecrease,,,,,,,,,,,,,,,,,,,,,,,20910000.000
UnderwritingIncomeLoss,,20775000.000,46221000.000,,109514000.000,114466000.000,128956000.000,-93933000.000,210123000.000,142975000.000,147206000.000,238304000.000,228441000.000,198609000.000,236781000.000,182869000.000,154828000.000,,,,,,
UndistributedEarnings,,,37118000.000,,279063000.000,189422000.000,226026000.000,34041000.000,360112000.000,252327000.000,211585000.000,328677000.000,259191000.000,240943000.000,280726000.000,167102000.000,46855000.000,308079000.000,122980000.000,107561000.000,247932000.000,322487000.000,240362000.000
WeightedAverageNumberDilutedSharesOutstandingAdjustment,,,,,,,,,,,,,,,,,367000.000,,,,,,
WeightedAverageNumberOfDilutedSharesOutstanding,,54108000.000,53889000.000,,53171000.000,52026000.000,51667000.000,-156811933.000,50822000.000,49147000.000,48328000.000,-148247944.000,46913000.000,45356000.000,44444000.000,44197000.000,43728000.000,-132325205.000,42463000.000,41949000.000,41386000.000,-125756372.000,40796000.000
WeightedAverageNumberOfSharesIssuedBasic,,53949000.000,53822000.000,,53047000.000,51855000.000,51444000.000,-156294106.000,50423000.000,48762000.000,47925000.000,-147061381.000,46479000.000,44941000.000,44028000.000,43804000.000,43361000.000,-131149585.000,42129000.000,41653000.000,41101000.000,-124841671.000,40529000.000
WeightedAverageNumberOfSharesOutstandingBasic,,53949000.000,53822000.000,,53047000.000,51855000.000,51444000.000,-156294106.000,50423000.000,48762000.000,47925000.000,-147061381.000,46479000.000,44941000.000,44028000.000,43804000.000,43361000.000,-131149585.000,42129000.000,41653000.000,41101000.000,-124841671.000,40529000.000
