,2011-06-30,2011-09-30,2012-03-31,2012-06-30,2013-03-31,2013-06-30,2013-09-30,2013-12-31,2014-03-31,2014-06-30,2014-09-30,2014-12-31,2015-03-31,2015-06-30,2015-09-30,2015-12-31,2016-03-31,2016-06-30,2016-09-30,2016-12-31,2017-03-31
AdditionsToNoncurrentAssets,,,,412651.000,23839.000,,,,,,,,,,,,,,,,
AdjustmentForAmortization,,,23495.000,,48569.000,,,,,,,,,32171.000,,,,,,,0.000
AdjustmentOfWarrantsGrantedForServices,,,,,,,,,22375.000,,,,,,,,,,,,
AmortizationOfDebtDiscountPremium,,,,,,,,,259442.000,,,,474874.000,,,,363159.000,,,,122694.000
AmortizationOfIntangibleAssets,,,,,5133.000,5398.000,,,76220.000,77700.000,82818.000,71674.000,,,,,82325.000,,,,75776.000
AntidilutiveSecuritiesExcludedFromComputationOfEarningsPerShareAmount,,,,,5001458.000,,,,9322273.000,,,,11987584.000,,,,13457748.000,,,,14780865.000
AssetImpairmentCharges,,,,,,,,,,,,,,,4489043.000,,,,,,
AvailableForSaleSecuritiesGrossRealizedGainLossNet,,,,,0.000,0.000,,,0.000,,,,,,,,,,,,
AvailableforsaleSecuritiesGrossUnrealizedGainLoss1,,,,,,-243348.000,,,-219937.000,,,,,,,,,,,,
BusinessAcquisitionsProFormaNetIncomeLoss,,,,,,,-1816113.000,,-1508158.000,-1362281.000,-441036.000,-2781294.000,-2394079.000,-3147398.000,-2901443.000,-5223659.000,-1593229.000,,,,
BusinessAcquisitionsProFormaRevenue,,,,,,,2350690.000,,6058859.000,6919807.000,11437149.000,10115423.000,10442476.000,10793035.000,11551329.000,18407447.000,11655218.000,10751994.000,,,
BusinessCombinationConsiderationTransferred1,,,,,,,,,14039509.000,,,,,,,,13338746.000,,,,
BusinessCombinationConsiderationTransferredEquityInterestsIssuedAndIssuable,,,,,,,,,10299509.000,,,,,,,,,,,,
CapitalLeasesIncomeStatementAmortizationExpense,,,,,13289.000,,15763.000,,,,,,,,,,,,,,
CashAcquiredFromAcquisition,,,,,,,,,,,,,-4222929.000,,,,,,,,
CashAcquiredInExcessOfPaymentsToAcquireBusiness,,,,,,,,,23910.000,,,,,,,,253638.000,,,,
CashAndCashEquivalentsPeriodIncreaseDecrease,,,30312.000,,-834455.000,,,,33406.000,,,,3078741.000,,,,-349886.000,,,,
CashPeriodIncreaseDecrease,,,,,,,,,,,,,,,,,,,,,9245.000
CashProvidedByUsedInFinancingActivitiesDiscontinuedOperations,,,,,0.000,,,,,,,,,,,,,,,,
CashProvidedByUsedInInvestingActivitiesDiscontinuedOperations,,,,,0.000,,,,,,,,,,,,,,,,
CashProvidedByUsedInOperatingActivitiesDiscontinuedOperations,,,,,-3467.000,,,,,,,,-4500.000,,,,,,,,
ComprehensiveIncomeNetOfTax,-264196.000,-667787.000,-675010.000,-869595.000,-748091.000,-678746.000,-1415553.000,-2277361.000,-1426282.000,-1399454.000,-374221.000,-4772953.000,-3554029.000,-3106640.000,-3943761.000,-2499663.000,-1229081.000,-5383205.000,-1030471.000,-1506025.000,-1680235.000
CostmethodInvestmentsOtherThanTemporaryImpairment,,,,,0.000,0.000,,,,,,,,,,,,,,,
CostsAndExpenses,,,1768323.000,2126712.000,2451945.000,2328343.000,2578024.000,5495530.000,7244790.000,8386153.000,10215091.000,9541708.000,10573534.000,12883171.000,16022494.000,14405526.000,13192403.000,11135061.000,11494169.000,8500256.000,10849385.000
DebtConversionConvertedInstrumentAmount1,,,,,,,,,,,,,,,425000.000,,,,,,
DebtConversionConvertedInstrumentSharesIssued1,,,,,,,,,,,,,,,289176.000,,,,,,
DebtInstrumentConvertibleThresholdPercentageOfStockPriceTrigger,,,,,,,,,,,,,,,,,,,,,0.080
DebtInstrumentPeriodicPayment,,,,,,,,,4406.000,,,,,,,,,,,,
Depreciation,,,,,109091.000,,123754.000,,,,,,,376140.000,,,,,,,
DepreciationAndAmortization,,,108612.000,127087.000,114224.000,129876.000,129126.000,249048.000,364888.000,412487.000,465819.000,344664.000,438637.000,408311.000,358307.000,1159712.000,828655.000,577942.000,590433.000,344667.000,593380.000
DepreciationDepletionAndAmortization,,,108612.000,,114224.000,,,,364888.000,,,,21480.000,,,,,,,,
DerivativeGainLossOnDerivativeNet,,,,,,,,,,,,,338053.000,232854.000,262232.000,35453.000,615662.000,513439.000,102507.000,0.000,
DirectCostsOfHotels,,,496549.000,606221.000,627888.000,635348.000,577299.000,1190922.000,1983281.000,2454626.000,3062628.000,,,,,,,,,,
DiscontinuedOperationIncomeLossFromDiscontinuedOperationBeforeIncomeTax,,,,,9468.000,-24980.000,-4403.000,,,,,,,,,,,,,,
DisposalGroupIncludingDiscontinuedOperationInterestExpense,,,,,,,,,,,,,,-2088.000,,,,,,,
DisposalGroupIncludingDiscontinuedOperationOperatingExpense,,,,,52325.000,24980.000,4403.000,-2783.000,,,,,1899.000,,,,,,,,
DisposalGroupIncludingDiscontinuedOperationOperatingIncomeLoss,,,,,,,,,,,,,-1899.000,2088.000,,,,,,,
DisposalGroupIncludingDiscontinuedOperationRevenue,,,,,61793.000,0.000,0.000,-8083.000,,,,,,,,,,,,,
EarningsPerShareBasic,,,,,,,,,,,,,-0.270,-0.240,-0.310,-0.040,-0.070,,,,
EarningsPerShareBasicAndDiluted,-0.090,-0.200,-0.230,-0.490,,,,,-0.240,-0.220,-0.080,,,,,,,,,,-0.080
EarningsPerShareDiluted,,,,,,,,,,,,,-0.000,0.000,,,,,,,
EffectOfExchangeRateOnCashAndCashEquivalents,,,,,17474.000,,,,35746.000,,,,17174.000,,,,4468.000,,,,10110.000
EquityMethodInvestmentDividendsOrDistributions,,,,0.000,,,,,,,,,,,,,,,,,
EquityMethodInvestmentSummarizedFinancialInformationGrossProfitLoss,,,,545896.000,444896.000,465358.000,396108.000,336925.000,354360.000,,,,,,,,,,,,
EquityMethodInvestmentSummarizedFinancialInformationIncomeLossFromContinuingOperationsBeforeExtraordinaryItems,,,,-68056.000,-29076.000,-38380.000,-26797.000,-160883.000,-83047.000,,,,,,,,,,,,
EquityMethodInvestmentSummarizedFinancialInformationNetIncomeLoss,,,,-68056.000,-29076.000,-38380.000,-26797.000,-160883.000,-83047.000,,,,,,,,,,,,
EquityMethodInvestmentSummarizedFinancialInformationRevenue,,,,767721.000,634574.000,569838.000,562954.000,560649.000,501835.000,,,,,,,,,,,,
ExtinguishmentOfDebtAmount,,,,,,,,,,,,,,,,,675000.000,,,,
ExtinguishmentOfDebtGainLossNetOfTax,,,,,,,,,,,,,,,,,,,,,362822.000
FairValueAssumptionsRiskFreeInterestRate,,,,,,,0.000,,,,,,,,,,,,,,
FairValueAssumptionsWeightedAverageVolatilityRate,,,,,,,1.095,,,,,,,,,,,,,,
FairValueMeasurementWithUnobservableInputsReconciliationRecurringBasisLiabilityPurchasesSalesIssuancesSettlements,,,,,,,,,,,,,338053.000,,,,,,,,
FairValueMeasurementWithUnobservableInputsReconciliationRecurringBasisLiabilityTransfersNet,,,,,,,,,,,,,778900.000,,,,,,,,
FranchiseRevenue,,,,,,,,,,,,,16059.000,134939.000,119950.000,88476.000,182552.000,103387.000,95542.000,138741.000,75786.000
GainLossOnSaleOfInvestments,361.000,0.000,0.000,0.000,,,,,,,,,,,,,,,,,
GainsLossesOnExtinguishmentOfDebt,,,,,70900.000,,,,0.000,,,,-170089.000,,-145834.000,,,,,,-362822.000
GeneralAndAdministrativeExpense,262278.000,280446.000,481273.000,656596.000,729678.000,620668.000,943632.000,1939651.000,1614794.000,1245660.000,1426461.000,1689955.000,1898353.000,2081583.000,1676609.000,1758836.000,1761007.000,1374835.000,1351111.000,1314080.000,1375620.000
GoodwillAcquiredDuringPeriod,,,,,,,,,2671649.000,,,,426038.000,,,,70604.000,,,,
GoodwillForeignCurrencyTranslationGainLoss,,,,,,,,,,,,,,,,,-71721.000,,,,32381.000
GoodwillTranslationAdjustments,,,,,,,,,,,,,-597608.000,,,,,,,,
ImpairmentChargeOnReclassifiedAssets,,,,,,,,,,,,,,,4500000.000,,,,,,
IncomeLossAttributableToNoncontrollingInterest,,,-17795.000,,,,,,,,,,,,,,,,,,
IncomeLossFromContinuingOperations,,,,,-747311.000,,,,,,,,,,,,,-620592.000,-849043.000,,
IncomeLossFromContinuingOperationsAttributableToNoncontrollingEntity,,,,,,,1419069.000,,,,,,-2266102.000,-2948302.000,-4516715.000,-2458757.000,-1425364.000,,,,
IncomeLossFromContinuingOperationsBeforeIncomeTaxesMinorityInterestAndIncomeLossFromEquityMethodInvestments,,,-582092.000,-675083.000,-762551.000,-698286.000,-1444405.000,-2381852.000,-1462084.000,-1536327.000,-509957.000,-2694006.000,-2440806.000,-3154220.000,-6332959.000,-2393440.000,-1560748.000,-547812.000,-835817.000,-1203194.000,-1744112.000
IncomeLossFromContinuingOperationsIncludingPortionAttributableToNoncontrollingInterest,,,,,-771642.000,-710392.000,-1450424.000,-2395571.000,-1453196.000,-1537706.000,-490231.000,-2244740.000,-2407886.000,-3149486.000,-6340315.000,-2611306.000,-1596979.000,-599217.000,-888291.000,-1261547.000,-1747909.000
IncomeLossFromContinuingOperationsPerBasicAndDilutedShare,,,,,-0.200,-0.180,-0.380,-0.430,,,,,,,,,,-0.030,-0.040,,
IncomeLossFromDiscontinuedOperationsNetOfTax,,,,,9468.000,,,,,,,,-1899.000,2088.000,,,,-556528.000,-68718.000,,
IncomeLossFromDiscontinuedOperationsNetOfTaxAttributableToNoncontrollingInterest,,,,,-9468.000,24980.000,4403.000,5300.000,,,,,-1899.000,2088.000,,,,,,,
IncomeLossFromDiscontinuedOperationsNetOfTaxAttributableToReportingEntity,,,,,,,,,,,,,,,,,,-4432689.000,-54974.000,,
IncomeLossFromDiscontinuedOperationsNetOfTaxPerBasicAndDilutedShare,,,,,0.000,-0.010,-0.000,0.000,,,,,,,,,,-0.210,0.000,,
IncomeLossFromEquityMethodInvestments,6461.000,-20820.000,-10538.000,-33348.000,-14247.000,-18806.000,-13131.000,-78833.000,-40694.000,0.000,0.000,0.000,,,,,,,,,
IncomeLossFromOperationsBeforeExtraordinaryItemsPerBasicAndDilutedShare,,,,,-0.200,-0.190,-0.380,,,,,,,,,,,,,,
IncomeTaxExpenseBenefit,0.000,0.000,3816.000,47327.000,9091.000,12106.000,6019.000,13719.000,-8888.000,1379.000,-19726.000,-449266.000,-32920.000,-4734.000,7356.000,217866.000,36231.000,51405.000,52474.000,58353.000,3797.000
IncomeTaxesPaid,,,0.000,,0.000,,,,1776.000,,,,,,,,,,,,
IncreaseDecreaseInAccountsAndOtherReceivables,,,,,-95949.000,,,,-57775.000,,,,,,,,,,,,175478.000
IncreaseDecreaseInAccountsPayableAndAccruedLiabilities,,,149163.000,,-30933.000,,,,32397.000,,,,635776.000,,,,983713.000,,,,-231283.000
IncreaseDecreaseInAccountsReceivable,,,-74294.000,,,,,,,,,,-19743.000,,,,74478.000,,,,
IncreaseDecreaseInAccruedTaxesPayable,,,,,,,,,-26550.000,,,,,,,,,,,,
IncreaseDecreaseInDeferredIncomeTaxes,,,,,,,,,,,,,,,,,-32233.000,,,,
IncreaseDecreaseInDeferredRevenue,,,0.000,,,,,,,,,,,,,,,,,,
IncreaseDecreaseInDerivativeLiabilities,,,,,,,75900.000,,-432100.000,-272100.000,-221000.000,,,,,,-615662.000,,,,
IncreaseDecreaseInDueFromAffiliatesCurrent,,,,,,,,,,,,,479830.000,,,,,,,,
IncreaseDecreaseInDueToRelatedPartiesCurrent,,,0.000,,,,,,,,,,,,,,,,,,
IncreaseDecreaseInIncomeTaxes,,,2685.000,,,,,,,,,,,,,,,,,,
IncreaseDecreaseInInventories,,,60637.000,,-48137.000,,,,-85879.000,,,,-41790.000,,,,-83087.000,,,,-19526.000
IncreaseDecreaseInOtherDeferredLiability,,,,,5439.000,,,,1688.000,,,,-32920.000,,,,,,,,
IncreaseDecreaseInPrepaidDeferredExpenseAndOtherAssets,,,15471.000,,42002.000,,,,-9293.000,,,,85204.000,,,,-149941.000,,,,-14055.000
IncreaseDecreaseInPrepaidRent,,,,,,,,,,,,,-78785.000,,,,219492.000,,,,-15792.000
InitialFranchiseFees,,,312674.000,,75000.000,,,,0.000,,,,,,,,,,,,
InterestAndDebtExpense,,,,22659.000,,,,,,,,,,,,,,,,,
InterestAndOtherIncome,,,,,,,,,,,,,-1533.000,76859.000,-40262.000,218578.000,8108.000,-27706.000,32357.000,-425031.000,12234.000
InterestExpense,3927.000,41190.000,177218.000,201550.000,36943.000,18443.000,383595.000,318752.000,336830.000,350760.000,581215.000,1012116.000,704852.000,1373797.000,657906.000,733896.000,609833.000,650478.000,453151.000,633557.000,404136.000
InterestExpenseShortTermBorrowings,,,,,,,,,150200.000,,,,,,,,,,,,
InterestPaid,,,67254.000,,14294.000,,,,30038.000,,,,315476.000,,,,31728.000,,,,335699.000
InvestmentIncomeDividend,,,,,,,,,,,438607.000,,,,,,,,,,
InvestmentIncomeInterest,0.000,0.000,0.000,,,,,,,,,,,,,,,,,,
IssuanceOfStockAndWarrantsForServicesOrClaims,,,,,,,,,,,,,83725.000,,,,,,,,
LeaseAndRentalExpense,,,,149146.000,193585.000,172844.000,168357.000,333499.000,,,,,,,,,,,,,
LegalFees,,,,,,,,,,,,,,,,,225000.000,,,,
LiabilitiesSubjectToCompromiseIncreaseDecreaseInOtherLiabilities,,,,,,,,,0.000,,,,,,,,,,,,
LineOfCreditFacilityIncreaseDecreaseForPeriodNet,,,,,,,,,,,,,500000.000,,,,,,,,
LineOfCreditFacilityInterestRateDuringPeriod,,,,,0.103,,,,,,,,,,,,,,,,
LineOfCreditFacilityPeriodicPayment,,,,,,,,,,,,,5000000.000,,,,,,,,
LitigationSettlementAmount,,,,,,,,,850000.000,,,,,,,,675000.000,,,,
MarketableSecuritiesRealizedGainLoss,,,,,,,,,97345.000,4127.000,,,,,,,,,,,
MinorityInterestPeriodIncreaseDecrease,,,,,,,,,,,,,,,,,175000.000,,,,
NetCashProvidedByUsedInFinancingActivities,,,1111151.000,,-132375.000,,,,950010.000,,,,9115733.000,,,,-134341.000,,,,1022430.000
NetCashProvidedByUsedInFinancingActivitiesContinuingOperations,,,1111151.000,,-132375.000,,,,950010.000,,,,9115733.000,,,,-134341.000,,,,1022430.000
NetCashProvidedByUsedInInvestingActivities,,,-787610.000,,-98839.000,,,,-143792.000,,,,-4485693.000,,,,-329190.000,,,,-450641.000
NetCashProvidedByUsedInInvestingActivitiesContinuingOperations,,,-787610.000,,-98839.000,,,,-143792.000,,,,-4485693.000,,,,-329190.000,,,,-450641.000
NetCashProvidedByUsedInOperatingActivities,,,-293229.000,,-620715.000,,,,-808558.000,,,,-1568474.000,,,,109177.000,,,,-572654.000
NetCashProvidedByUsedInOperatingActivitiesContinuingOperations,,,-293229.000,,-617248.000,,,,-808558.000,,,,-1563974.000,,,,109177.000,,,,-572654.000
NetIncomeLoss,-225987.000,-495756.000,-568113.000,-733381.000,-737843.000,-681964.000,-1423472.000,-2370840.000,-1450310.000,-1411064.000,-551440.000,-2990557.000,-2268001.000,-2946214.000,-4516715.000,-2405596.000,-1425364.000,-5053281.000,-904017.000,-1693910.000,-1727066.000
NetIncomeLossAttributableToNoncontrollingInterest,-566.000,-399.000,-17795.000,10971.000,-24331.000,-28428.000,-31355.000,-55011.000,-2886.000,-126642.000,61209.000,-175143.000,-141784.000,-201184.000,-1823601.000,-152548.000,-171615.000,21375.000,,,
NetIncomeLossAvailableToCommonStockholdersBasic,,,,,,,,,,,,,,,,,,,,,-1751213.000
NoncashOrPartNoncashAcquisitionFixedAssetsAcquired1,,,,,,,,,3122493.000,,,,2154023.000,,,,,,,,
NoncashOrPartNoncashAcquisitionIntangibleAssetsAcquired1,,,,,,,,,60937.000,,,,2750000.000,,,,,,,,
NoncashOrPartNoncashAcquisitionOtherAssetsAcquired1,,,,,,,,,25468.000,,,,56921.000,,,,,,,,
NoncashOrPartNoncashAcquisitionValueOfLiabilitiesAssumed1,,,,,,,,,1128046.000,,,,364602.000,,,,,,,,
NonoperatingIncomeExpense,2895.000,-209983.000,-187756.000,-234898.000,22272.000,-35986.000,-472626.000,-194399.000,210768.000,-69981.000,78392.000,-877245.000,-538421.000,-1064084.000,-581770.000,-649234.000,13937.000,-164745.000,-318287.000,-1058588.000,-754724.000
OperatingExpenses,262278.000,280446.000,615769.000,711808.000,980155.000,932250.000,920630.000,2076545.000,3281827.000,4012399.000,5197890.000,4871627.000,5068139.000,6384905.000,5998627.000,7363550.000,6818391.000,5737169.000,5888509.000,4197882.000,5674560.000
OperatingIncomeLoss,-229448.000,-286172.000,-394336.000,-440185.000,-784823.000,-662300.000,-971779.000,-2187453.000,-1672852.000,-1466346.000,-588349.000,-1816761.000,-1902385.000,-2090136.000,-5751189.000,-1744206.000,-1574685.000,-383067.000,-517530.000,-144606.000,-989388.000
OtherComprehensiveIncomeAvailableforsaleSecuritiesAdjustmentBeforeTaxPortionAttributableToParent,-38209.000,-172031.000,-105618.000,-132021.000,-23764.000,-13202.000,-7922.000,48872.000,-11718.000,-3809.000,0.000,-208219.000,,,,,-2120.000,-22381.000,,,
OtherComprehensiveIncomeForeignCurrencyTransactionAndTranslationGainLossArisingDuringPeriodNetOfTax,,,-1279.000,-4193.000,13516.000,41400.000,15841.000,19627.000,35746.000,15419.000,177219.000,-1574177.000,-1286028.000,-160426.000,-572954.000,1055880.000,198403.000,-307543.000,-126452.000,507044.000,46831.000
OtherComprehensiveIncomeLossForeignCurrencyTranslationAdjustmentTax,,,,,,,,,,,,,-1286028.000,,,,,,,,
OtherComprehensiveIncomeLossTax,,,,,,,,,,,,,,,-572954.000,,196283.000,-329924.000,-126452.000,187883.000,46831.000
OtherNonoperatingIncome,,,,,,,,,58847.000,4552.000,,,,,,,,,,,
OtherOperatingIncome,,,0.000,,2562.000,1263.000,0.000,,,,,,,,,,,,,,
OtherPaymentsToAcquireBusinesses,,,,,,,,,,,,,,,,,72215.000,,,,
OtherSalesRevenueNet,,,25000.000,25000.000,25000.000,25000.000,25000.000,28452.000,25000.000,25151.000,417842.000,197495.000,101221.000,77903.000,25000.000,349829.000,25000.000,25000.000,25000.000,25000.000,24990.000
OtherThanTemporaryImpairmentLossesInvestmentsAvailableforsaleSecurities,,147973.000,,,0.000,0.000,,,0.000,,,,,,,,,,,,
PaymentsToAcquireBusinessesGross,,,,,,,,,3740000.000,,,,,,,,9276429.000,,,,
PaymentsToAcquireInvestments,,,134959.000,,0.000,,,,100000.000,,,,,,,,,,,,
PaymentsToAcquirePropertyPlantAndEquipment,,,339977.000,,23839.000,,,,67702.000,,,,262764.000,,,,256975.000,,,,450641.000
PreOpeningCosts,,,66120.000,25000.000,0.000,10201.000,7337.000,39364.000,,260981.000,62293.000,,206747.000,391442.000,141306.000,24453.000,7555.000,,110432.000,,14435.000
ProceedsFromConvertibleDebt,,,,,,,,,,,,,2200000.000,,,,,,,,
ProceedsFromEquityMethodInvestmentDividendsOrDistributionsReturnOfCapital,,,,,,,,,0.000,,,,,,,,,,,,
ProceedsFromIssuanceOfCommonStock,,,,,,,,,,,,,7062715.000,,,,,,,,
ProceedsFromIssuanceOfDebt,,,,,,,,,,,,,7800000.000,,6000000.000,,,,,,
ProceedsFromIssuanceOfLongTermDebt,,,1113000.000,,0.000,,,,993088.000,,,,2204369.000,,,,,,,,512780.000
ProceedsFromIssuanceOfPreferredStockAndPreferenceStock,,,,,,,,,,,,,,,,,,,,,591651.000
ProceedsFromIssuanceOfPrivatePlacement,,,,,,,,,,200000.000,641000.000,,,,,,,,,,
ProceedsFromMinorityShareholders,,,,,0.000,,,,,,,,,,,,,,,,
ProceedsFromSaleMaturityAndCollectionsOfInvestments,,,0.000,,,,,,,,,,,,,,,,,,
ProfitLoss,-226553.000,-496155.000,-585908.000,-722410.000,-762174.000,-735372.000,-1454827.000,-2400871.000,,,,,-2409785.000,-3147398.000,-6340315.000,-2558145.000,-1596979.000,-5031906.000,-957009.000,-1827020.000,-1747909.000
RedeemablePreferredStockDividends,,,,,,,,,,,,,,,,,,,,,-24147.000
RepaymentsOfDebtAndCapitalLeaseObligations,,,,,13388.000,,,,72328.000,,,,14271.000,,,,10783.000,,,,4779.000
RepaymentsOfOtherLongTermDebt,,,1849.000,,,,,,,,,,137079.000,,,,136575.000,,,,194069.000
RevenueFromLeasedAndOwnedHotels,,,1348987.000,1654829.000,1642122.000,1641043.000,1581245.000,3279625.000,5546938.000,6818932.000,9067744.000,,,,10005324.000,,11310632.000,10525629.000,10737961.000,8065937.000,9653154.000
RevenueFromRelatedParties,7830.000,-30726.000,,6698.000,,,,,0.000,,,,,,,,,,,,
Revenues,32830.000,-5726.000,1373987.000,1686527.000,1667122.000,1666043.000,1606245.000,3308077.000,5571938.000,6919807.000,9626742.000,7724947.000,8671149.000,10793035.000,10271305.000,12661320.000,11617718.000,10751994.000,10976639.000,8355650.000,9859997.000
SalesRevenueNet,32830.000,-5726.000,1373987.000,1686527.000,1664560.000,1664780.000,1606245.000,3308077.000,5571938.000,6919807.000,9626742.000,7724947.000,8671149.000,10793035.000,10271305.000,12661320.000,11617718.000,10751994.000,10976639.000,8355650.000,9859997.000
SalesRevenueServicesGross,25000.000,25000.000,0.000,6698.000,,,,,,,,,,,,,,,,,
ShareBasedCompensationArrangementByShareBasedPaymentAwardNonOptionEquityInstrumentsForfeitures,,,,,,,,,,,,,,,,,,,,,-150000.000
ShareBasedCompensationArrangementByShareBasedPaymentAwardNonOptionEquityInstrumentsGranted,,,,,,,,,,,,,754500.000,,,,,,,,
StockIssuedDuringPeriodSharesIssuedForServices,,,,,,,,,58764.000,40000.000,11500.000,,,,,,,,,,
StockIssuedDuringPeriodSharesNewIssues,,,,,,,,,,,,,,,,,118340.000,,,,
StockIssuedDuringPeriodSharesPurchaseOfAssets,,,,,,,,,,,,,,,,,1619646.000,,,,
StockIssuedDuringPeriodValueIssuedForServices,,,,,,,,,228857.000,101900.000,23860.000,,,,,,,,,,-102791.000
WeightedAverageNumberOfShareOutstandingBasicAndDiluted,,,,1502418.000,3698896.000,3701928.000,3704526.000,-6739882.000,5974495.000,6329406.000,6628011.000,-12599069.000,8249453.000,12455828.000,14802370.000,-21262214.000,21337247.000,21522818.000,21957147.000,-43122182.000,22106236.000
