,2011-03-31,2011-06-30,2011-09-30,2011-12-31,2012-03-31,2012-06-30,2012-09-30,2012-12-31,2013-03-31,2013-06-30,2013-09-30,2013-12-31,2014-03-31,2014-06-30,2014-09-30,2014-12-31,2015-03-31,2015-06-30,2015-09-30,2015-12-31,2016-03-31,2016-06-30,2016-09-30,2016-12-31,2017-03-31
AdjustmentsNoncashItemsToReconcileNetIncomeLossToCashProvidedByUsedInOperatingActivitiesOther,145000.000,,,,,,,,,,,,,,,,,,,,,,,,
AdjustmentsToAdditionalPaidInCapitalSharebasedCompensationRequisiteServicePeriodRecognitionValue,1563000.000,,,,1806000.000,,,,1550000.000,,,,887000.000,,,,750000.000,,,,1642000.000,,,,1535000.000
AllocatedShareBasedCompensationExpense,,2040000.000,1184000.000,,1937000.000,1572000.000,818000.000,2507000.000,1550000.000,2336000.000,2645000.000,3857000.000,791000.000,2185000.000,2713000.000,2239000.000,750000.000,2983000.000,1048000.000,1926000.000,1642000.000,1507000.000,2109000.000,1014000.000,1535000.000
AmortizationOfFinancingCosts,,,,,,,,,,,,,1481000.000,,,,,,,,,,,,
AmortizationOfFinancingCostsAndDiscounts,,,,,,,,,,,,,,,,,695000.000,798000.000,727000.000,683000.000,708000.000,732000.000,768000.000,836000.000,720000.000
AmortizationOfIntangibleAssets,,,,,124000.000,,,,109000.000,119000.000,88000.000,132000.000,68000.000,124000.000,93000.000,90000.000,94000.000,128000.000,123000.000,186000.000,123000.000,148000.000,117000.000,173000.000,133000.000
AntidilutiveSecuritiesExcludedFromComputationOfEarningsPerShareAmount,,1213968.000,3340709.000,,3669324.000,1595738.000,1241150.000,-1731764.000,4901649.000,231150.000,208600.000,-801272.000,4467656.000,163900.000,820000.000,-4641056.000,4762849.000,701600.000,1446824.000,-5469301.000,4196412.000,1894922.000,1366722.000,-5778239.000,3837579.000
AssetImpairmentCharges,,,64787000.000,,,,,,35680000.000,0.000,0.000,750000.000,0.000,0.000,0.000,1211000.000,,,,,,,1007000.000,,
CapitalExpendituresIncurredButNotYetPaid,,,,,,,,,3167000.000,,,,1123000.000,,,,107000.000,,,,,,,,
CashAndCashEquivalentsPeriodIncreaseDecrease,-33306000.000,,,,-23599000.000,,,,-14039000.000,,,,10805000.000,,,,-24626000.000,,,,-14615000.000,,,,-22472000.000
CashProvidedByUsedInFinancingActivitiesDiscontinuedOperations,,,,,0.000,,,,0.000,,,,0.000,,,,0.000,,,,0.000,,,,0.000
CashProvidedByUsedInInvestingActivitiesDiscontinuedOperations,,,,,11066000.000,,,,18989000.000,,,,0.000,,,,0.000,,,,0.000,,,,0.000
CashProvidedByUsedInOperatingActivitiesDiscontinuedOperations,-701000.000,,,,-952000.000,,,,-1493000.000,,,,-735000.000,,,,-190000.000,,,,-101000.000,,,,0.000
CommonStockDividendsPerShareDeclared,,,,,0.000,,,,0.000,0.000,0.000,0.000,0.000,,,,,,,,,,,,
ComprehensiveIncomeNetOfTax,,,-100558000.000,,3276000.000,-31058000.000,16240000.000,-9611000.000,-62582000.000,9087000.000,29264000.000,-14264000.000,-69354000.000,14514000.000,-42007000.000,-58136000.000,-61441000.000,27197000.000,-23086000.000,-14527000.000,12124000.000,-978000.000,25487000.000,-12544000.000,-4173000.000
ComprehensiveIncomeNetOfTaxAttributableToNoncontrollingInterest,,,,,,-92000.000,-44000.000,,215000.000,-126000.000,-30000.000,-3000.000,-762000.000,-60000.000,-235000.000,36000.000,-89000.000,-59000.000,-714000.000,174000.000,146000.000,-4000.000,36000.000,66000.000,97000.000
ComprehensiveIncomeNetOfTaxIncludingPortionAttributableToNoncontrollingInterest,,,,,,-31150000.000,16196000.000,,-62367000.000,8961000.000,29234000.000,-14267000.000,-70116000.000,14454000.000,-42242000.000,-58100000.000,-61530000.000,27138000.000,-23800000.000,-14353000.000,12270000.000,-982000.000,25523000.000,-12478000.000,-4076000.000
CostsAndExpenses,114250000.000,153648000.000,223472000.000,117920000.000,118066000.000,137966000.000,134092000.000,114923000.000,150488000.000,146995000.000,149197000.000,133651000.000,112794000.000,149633000.000,147644000.000,125331000.000,108401000.000,142913000.000,141482000.000,117319000.000,104815000.000,132984000.000,139434000.000,114857000.000,111401000.000
DecreaseInRestrictedCash,,,,,,,,,,,,,6883000.000,,,,122000.000,,,,80000.000,,,,69000.000
DeferredIncomeTaxExpenseBenefit,-6274000.000,,,,,,,,,,,,-14731000.000,,,,-14482000.000,,,,-14595000.000,,,,-9611000.000
DefinedBenefitPlanAmortizationOfGainsLosses,,-136000.000,-136000.000,,-223000.000,-224000.000,-224000.000,-228000.000,-230000.000,-228000.000,-231000.000,-241000.000,-139000.000,-140000.000,-139000.000,-132000.000,-185000.000,-187000.000,-190000.000,-188000.000,-162000.000,-161000.000,-148000.000,-144000.000,-188000.000
DefinedBenefitPlanContributionsByEmployer,,,,,480000000.000,492000.000,512000.000,-479150000.000,502000.000,497000.000,504000.000,377000.000,537000.000,540000.000,573000.000,375000.000,480000.000,483000.000,487000.000,496000.000,455000.000,455000.000,442000.000,378000.000,394000.000
DefinedBenefitPlanExpectedContributionsInCurrentFiscalYear,,,,,,,,,,,,,2327000.000,,,,1883000.000,,,,1832000.000,,,,1590000.000
DefinedBenefitPlanExpectedReturnOnPlanAssets,,225000.000,225000.000,,210000.000,211000.000,211000.000,214000.000,229000.000,227000.000,230000.000,240000.000,287000.000,291000.000,289000.000,272000.000,255000.000,259000.000,262000.000,258000.000,295000.000,294000.000,270000.000,262000.000,240000.000
DefinedBenefitPlanInterestCost,,238000.000,237000.000,,286000.000,288000.000,288000.000,292000.000,297000.000,294000.000,297000.000,312000.000,275000.000,279000.000,276000.000,262000.000,243000.000,246000.000,249000.000,246000.000,226000.000,227000.000,207000.000,201000.000,171000.000
DefinedBenefitPlanNetPeriodicBenefitCost,,149000.000,148000.000,,299000.000,301000.000,301000.000,306000.000,298000.000,295000.000,298000.000,313000.000,127000.000,128000.000,126000.000,122000.000,173000.000,174000.000,177000.000,176000.000,93000.000,94000.000,85000.000,83000.000,119000.000
DefinedBenefitPlanServiceCost,,,,,,,,,,0.000,0.000,,0.000,0.000,0.000,0.000,0.000,0.000,0.000,0.000,0.000,0.000,0.000,0.000,0.000
DefinedBenefitPlansEstimatedFutureEmployerContributionsInCurrentFiscalYear,,,,,,,,,,,,,1790000.000,,,,1403000.000,,,,1377000.000,,,,1196000.000
DefinedBenefitPlansEstimatedFutureEmployerContributionsInNextFiscalYear,,,,,,,,,,,,,,,,,1883000.000,,,,1832000.000,,,,1590000.000
Depreciation,,11643000.000,11732000.000,,10904000000.000,10398000.000,10425000.000,-10881379000.000,11432000.000,12152000.000,10614000.000,,12051000.000,12647000.000,11969000.000,,12485000.000,12297000.000,12057000.000,,12944000.000,13183000.000,13038000.000,,13595000.000
DepreciationDepletionAndAmortization,11307000.000,11714000.000,11968000.000,10976000.000,11028000.000,10518000.000,10549000.000,11839000.000,11541000.000,12271000.000,10702000.000,14226000.000,12119000.000,12771000.000,12062000.000,15052000.000,12579000.000,12425000.000,12180000.000,13329000.000,13067000.000,13331000.000,13155000.000,12843000.000,13728000.000
DiscontinuedOperationGainLossFromDisposalOfDiscontinuedOperationBeforeIncomeTax,,,,,,700000.000,5349000.000,,439000.000,0.000,0.000,0.000,0.000,,,,,0.000,0.000,,,,,,
DiscontinuedOperationIncomeLossFromDiscontinuedOperationBeforeIncomeTax,,,,,,6000.000,5199000.000,,-1317000.000,90000.000,-1694000.000,-6308000.000,-735000.000,-467000.000,-1469000.000,-398000.000,-190000.000,-53000.000,-381000.000,-910000.000,-101000.000,156000.000,-4000.000,981000.000,35000.000
DiscontinuedOperationIncomeLossFromDiscontinuedOperationDuringPhaseOutPeriodBeforeIncomeTax,,,,,,-694000.000,-150000.000,,-1679000.000,90000.000,-1694000.000,,,,,,,,,,,,,,
DiscontinuedOperationProvisionForLossGainOnDisposalBeforeIncomeTax,,,,,,,,,77000.000,0.000,0.000,,,,,,,,,,,,,,
DiscontinuedOperationTaxEffectOfDiscontinuedOperation,,,795000.000,,405000.000,,-426000.000,,-422000.000,0.000,-648000.000,-2841000.000,0.000,0.000,0.000,713000.000,0.000,0.000,0.000,0.000,0.000,0.000,0.000,0.000,0.000
DisposalGroupIncludingDiscontinuedOperationRevenue,,,,,,6018000.000,3593000.000,,835000.000,8000.000,692000.000,5521000.000,0.000,0.000,600000.000,0.000,0.000,0.000,0.000,0.000,0.000,0.000,0.000,0.000,0.000
EarningsPerShareBasic,-0.140,0.050,-0.490,-0.280,-0.150,0.110,0.170,-0.200,-0.460,0.169,0.156,-0.172,-0.200,0.058,0.143,-0.018,-0.092,0.148,0.097,0.005,-0.016,0.083,0.225,0.065,-0.178
EarningsPerShareDiluted,-0.140,0.050,-0.490,-0.280,-0.150,0.110,0.170,-0.200,-0.460,0.166,0.153,-0.166,-0.200,0.058,0.140,-0.016,-0.092,0.146,0.096,0.006,-0.016,0.082,0.222,0.065,-0.178
EffectOfExchangeRateOnCashAndCashEquivalents,949000.000,,,,653000.000,,,,-367000.000,,,,37000.000,,,,-4775000.000,,,,1487000.000,,,,602000.000
EquityMethodInvestmentDividendsOrDistributions,,,,,,,,,651000.000,,,,810000.000,,,,810000.000,,,,1106000.000,,,,960000.000
EquityMethodInvestmentSummarizedFinancialInformationGrossProfitLoss,,,,,,,,,,25579000.000,21929000.000,,18481000.000,28052000.000,30975000.000,27825000.000,18846000.000,29198000.000,30167000.000,26497000.000,25844000.000,32921000.000,39670000.000,36565000.000,25519000.000
EquityMethodInvestmentSummarizedFinancialInformationNetIncomeLoss,,2791000.000,4244000.000,,413000.000,4266000.000,3202000.000,-3700000.000,-994000.000,6490000.000,3763000.000,4290000.000,-352000.000,2948000.000,6093000.000,10933000.000,796000.000,2526000.000,7458000.000,6943000.000,1804000.000,4287000.000,8980000.000,6649000.000,827000.000
EquityMethodInvestmentSummarizedFinancialInformationRevenue,,36299000.000,38527000.000,,32345000.000,41518000.000,41635000.000,41772000.000,35160000.000,44447000.000,45484000.000,43748000.000,34715000.000,45626000.000,47780000.000,44672000.000,33836000.000,43255000.000,41645000.000,41878000.000,38738000.000,47794000.000,54345000.000,50674000.000,39465000.000
ExcessTaxBenefitFromShareBasedCompensationFinancingActivities,,,,,,,,,,,,,96000.000,,,,0.000,,,,,,,,
ExcessTaxBenefitFromShareBasedCompensationOperatingActivities,,,,,,,,,,,,,96000.000,,,,0.000,,,,,,,,
FiniteLivedIntangibleAssetsAmortizationExpense,,71000.000,236000.000,,124000.000,120000.000,124000.000,,,,,,,,,,,,,,,,,,
FiniteLivedIntangibleAssetsForeignCurrencyTranslationGainLoss,,,,,,,,,,,,,,,,,,,,,97000.000,,,,
FiniteLivedIntangibleAssetsTranslationAdjustments,,,,,,,,,,,,,228000.000,,,,-294000.000,,,,,,,,
ForeignCurrencyTransactionGainLossBeforeTax,963000.000,1176000.000,-4768000.000,-1600000.000,865000.000,-1525000.000,-57000.000,-2127000.000,2076000.000,932000.000,-2480000.000,472000.000,448000.000,-1328000.000,612000.000,2530000.000,-2756000.000,-1056000.000,314000.000,-1518000.000,2858000.000,4871000.000,1432000.000,25000.000,-234000.000
GainLossOnDispositionOfAssets,606000.000,-86000.000,-18000.000,16042000.000,,,0.000,,,,,,,,,,,,,,,,,,
GainLossOnSaleOfPropertyPlantEquipment,-606000.000,,,,,,,,,,,,3704000.000,153000.000,121000.000,150000.000,150000.000,19825000.000,150000.000,150000.000,150000.000,150000.000,488000.000,150000.000,150000.000
GainsLossesOnExtinguishmentOfDebt,,,,,,,,,,,,,-14506000.000,0.000,0.000,0.000,0.000,0.000,0.000,0.000,,1200000.000,0.000,,
GeneralAndAdministrativeExpense,,,,,,,,,10525000.000,9398000.000,9464000.000,1260000.000,8373000.000,8437000.000,6701000.000,8216000.000,10090000.000,9153000.000,11544000.000,8485000.000,7617000.000,7285000.000,7176000.000,9008000.000,
GoodwillForeignCurrencyTranslationGainLoss,,,,,,,,,,,,,,,,,,,,,2084000.000,,,,1548000.000
GoodwillImpairmentLoss,,,,,,,,,0.000,,,,0.000,,,,0.000,5698000.000,4098000.000,0.000,0.000,0.000,0.000,0.000,0.000
GoodwillTranslationAdjustments,,,,,3777000.000,,,,-2168000.000,,,,-8314000.000,,,,-6936000.000,,,,,,,,
ImpairmentOfLongLivedAssetsHeldForUse,,,,,,,,,,0.000,0.000,,0.000,0.000,0.000,,0.000,0.000,0.000,,0.000,0.000,,,0.000
ImpairmentOfLongLivedAssetsToBeDisposedOf,,,,,,,,,,,,,0.000,,,,,0.000,0.000,,,,,,
IncomeLossFromContinuingOperationsBeforeIncomeTaxesMinorityInterestAndIncomeLossFromEquityMethodInvestments,-18089000.000,13022000.000,-57351000.000,12768000.000,-15810000.000,15815000.000,16888000.000,-7647000.000,-51358000.000,17729000.000,26875000.000,-8238000.000,-29738000.000,16573000.000,28418000.000,-7148000.000,-18869000.000,30368000.000,17500000.000,-3645000.000,-11799000.000,20228000.000,38672000.000,-6345000.000,-23654000.000
IncomeLossFromContinuingOperationsIncludingPortionAttributableToNoncontrollingInterest,-13882000.000,5197000.000,-49326000.000,-7449000.000,-16090000.000,11672000.000,12057000.000,-18256000.000,-46111000.000,17247000.000,17171000.000,-14485000.000,-19909000.000,6463000.000,16352000.000,-859000.000,-9264000.000,15387000.000,9862000.000,1403000.000,-1368000.000,8152000.000,22889000.000,5728000.000,-18012000.000
IncomeLossFromContinuingOperationsPerBasicShare,-0.130,0.050,-0.480,-0.080,-0.160,0.110,0.120,-0.170,-0.450,0.167,0.166,-0.137,-0.192,0.062,0.157,-0.007,-0.089,0.148,0.096,0.014,-0.014,0.080,0.225,0.057,-0.177
IncomeLossFromContinuingOperationsPerDilutedShare,-0.130,0.050,-0.480,-0.080,-0.160,0.110,0.110,-0.160,-0.450,0.164,0.163,-0.131,-0.192,0.061,0.154,-0.004,-0.089,0.146,0.095,0.015,-0.014,0.079,0.222,0.057,-0.177
IncomeLossFromDiscontinuedOperationsNetOfTax,-798000.000,24000.000,-741000.000,-20621000.000,690000.000,6000.000,5625000.000,-2592000.000,-895000.000,90000.000,-1046000.000,-3467000.000,-735000.000,-467000.000,-1469000.000,-1111000.000,-190000.000,-53000.000,-381000.000,-910000.000,-101000.000,156000.000,-4000.000,981000.000,35000.000
IncomeLossFromDiscontinuedOperationsNetOfTaxPerBasicShare,-0.010,,-0.010,,0.010,,0.050,,-0.010,0.001,-0.010,-0.033,-0.007,-0.005,-0.014,-0.010,-0.002,-0.001,-0.004,-0.008,-0.001,0.002,0.000,0.009,0.000
IncomeLossFromDiscontinuedOperationsNetOfTaxPerDilutedShare,-0.010,,-0.010,,0.010,,0.050,,-0.010,0.001,-0.010,-0.033,-0.007,-0.004,-0.014,-0.011,-0.002,-0.001,-0.004,-0.008,-0.001,0.002,0.000,0.009,0.000
IncomeLossFromEquityMethodInvestments,-532000.000,,,,,,,,,3260000.000,2063000.000,,-413000.000,1451000.000,3149000.000,5297000.000,325000.000,1357000.000,3717000.000,3676000.000,835000.000,2259000.000,4618000.000,3301000.000,376000.000
IncomeLossFromEquityMethodInvestmentsNetOfDividendsOrDistributions,-765000.000,,,,-46000.000,,,,-857000.000,,,,-738000.000,,,,,,,,,,,,
IncomeTaxExpenseBenefit,-4739000.000,9353000.000,-5796000.000,21349000.000,248000.000,6478000.000,6590000.000,8671000.000,-5874000.000,3742000.000,11767000.000,7993000.000,-10242000.000,11561000.000,15215000.000,-992000.000,-9280000.000,16338000.000,11355000.000,-1372000.000,-9596000.000,14335000.000,20401000.000,-8772000.000,-5266000.000
IncomeTaxReconciliationOtherReconcilingItems,,,,,52000.000,-326000.000,322000.000,638000.000,,,,,,,,,,,,,,,,,
IncomeTaxesPaidNet,,,,,8233000.000,,,,5697000.000,,,,4470000.000,,,,5114000.000,,,,4931000.000,,,,4328000.000
IncreaseDecreaseInAccountsPayable,,,,,,,,,-5246000.000,,,,-3889000.000,,,,-5463000.000,,,,-3945000.000,,,,-4612000.000
IncreaseDecreaseInAccountsReceivable,,,,,,,,,4182000.000,,,,440000.000,,,,4016000.000,,,,684000.000,,,,2510000.000
IncreaseDecreaseInAccruedLiabilities,,,,,,,,,2688000.000,,,,1449000.000,,,,4680000.000,,,,970000.000,,,,750000.000
IncreaseDecreaseInDeferredRevenue,,,,,,,,,15020000.000,,,,14774000.000,,,,12732000.000,,,,12651000.000,,,,14936000.000
IncreaseDecreaseInDueFromRelatedPartiesCurrent,5659000.000,,,,742000.000,,,,-1540000.000,,,,-606000.000,,,,-386000.000,,,,917000.000,,,,369000.000
IncreaseDecreaseInInventories,926000.000,,,,629000.000,,,,-142000.000,,,,68000.000,,,,-875000.000,,,,904000.000,,,,-365000.000
IncreaseDecreaseInOperatingLiabilities,14059000.000,,,,14056000.000,,,,,,,,,,,,,,,,,,,,
IncreaseDecreaseInOtherOperatingCapitalNet,,,,,,,,,50000.000,,,,-94000.000,,,,-3000.000,,,,219000.000,,,,-262000.000
IncreaseDecreaseInPrepaidDeferredExpenseAndOtherAssets,,,,,,,,,1681000.000,,,,3344000.000,,,,1420000.000,,,,826000.000,,,,2182000.000
IndefiniteLivedIntangibleAssetsForeignCurrencyTranslationGainLoss,,,,,,,,,,,,,,,,,,,,,,,,,569000.000
IndefinitelivedIntangibleAssetsAcquired,,,,,,,,,,,,,,,,,,,,,,,,,0.000
InterestCostsCapitalized,,,,,905000000.000,997000.000,1003000.000,-902807000.000,1088000.000,0.000,0.000,0.000,0.000,0.000,0.000,0.000,0.000,0.000,0.000,0.000,0.000,0.000,0.000,0.000,0.000
InterestCostsIncurred,,,,,,,,,,,,,,,,,6920000.000,6682000.000,7032000.000,6746000.000,6660000.000,6788000.000,6965000.000,6677000.000,6907000.000
InterestExpense,,,,,,,,,7254000.000,8342000.000,8878000.000,9852000.000,9535000.000,8521000.000,8407000.000,10304000.000,7615000.000,6480000.000,10111000.000,7895000.000,7510000.000,7676000.000,7840000.000,6129000.000,7676000.000
InterestExpenseOther,,,,,,,,,,,,,,,,,,-1000000.000,0.000,,,,,,
InterestIncomeExpenseNonoperatingNet,,-11310000.000,-12951000.000,,-7461000.000,-6402000.000,-8938000.000,,,,,,,,,,,,,,,,,,
InterestPaid,,,,,6771000.000,,,,5861000.000,,,,7765000.000,,,,6897000.000,,,,6313000.000,,,,6600000.000
InvestmentIncomeInterest,,,,,,,,,238000.000,284000.000,241000.000,304000.000,402000.000,298000.000,217000.000,501000.000,263000.000,187000.000,234000.000,242000.000,116000.000,177000.000,289000.000,271000.000,146000.000
LeaseAndRentalExpense,,,,,,,,,2553000.000,2760000.000,2551000.000,4190000.000,3148000.000,3146000.000,3014000.000,3699000.000,2844000.000,2744000.000,2514000.000,2573000.000,2620000.000,3493000.000,3491000.000,3433000.000,3498000.000
LitigationSettlementInterest,,,,,,,,,,,,,,,,,,,2352000.000,,142000.000,156000.000,107000.000,-1384000.000,49000.000
MinorityInterestDecreaseFromDistributionsToNoncontrollingInterestHolders,,,,,,,,,,,,,,,,,,,,,97000.000,,,,
NetCashProvidedByUsedInFinancingActivities,-10239000.000,,,,-6757000.000,,,,-4154000.000,,,,-3845000.000,,,,-1414000.000,,,,-3338000.000,,,,-1666000.000
NetCashProvidedByUsedInFinancingActivitiesContinuingOperations,-10239000.000,,,,-6757000.000,,,,-4154000.000,,,,-3845000.000,,,,-1414000.000,,,,-3338000.000,,,,-1666000.000
NetCashProvidedByUsedInInvestingActivities,-22655000.000,,,,-9387000.000,,,,-2427000.000,,,,26609000.000,,,,-17426000.000,,,,-10933000.000,,,,-11926000.000
NetCashProvidedByUsedInInvestingActivitiesContinuingOperations,-22655000.000,,,,-20453000.000,,,,-21416000.000,,,,26609000.000,,,,-17426000.000,,,,-10933000.000,,,,-11926000.000
NetCashProvidedByUsedInOperatingActivities,-1361000.000,,,,-8108000.000,,,,-7091000.000,,,,-11996000.000,,,,-1011000.000,,,,-1831000.000,,,,-9482000.000
NetCashProvidedByUsedInOperatingActivitiesContinuingOperations,-660000.000,,,,-7156000.000,,,,-5598000.000,,,,-11261000.000,,,,-821000.000,,,,-1730000.000,,,,-9482000.000
NetIncomeLoss,-14907000.000,5154000.000,,,,,,,,,,,,,,,,,,,,,,,
NetIncomeLossAttributableToNoncontrollingInterest,227000.000,67000.000,-146000.000,36000.000,271000.000,-96000.000,-43000.000,41000.000,209000.000,-126000.000,-15000.000,-5000.000,116000.000,-89000.000,-49000.000,167000.000,95000.000,-90000.000,-504000.000,88000.000,99000.000,-59000.000,17000.000,52000.000,134000.000
NetIncomeLossAvailableToCommonStockholdersBasic,,,-49921000.000,,-15671000.000,11774000.000,17725000.000,-20889000.000,-47215000.000,17463000.000,16140000.000,-17947000.000,-20760000.000,6085000.000,14932000.000,-2137000.000,-9549000.000,15424000.000,9985000.000,405000.000,-1568000.000,8367000.000,22868000.000,6657000.000,-18111000.000
NonoperatingIncomeExpense,-8352000.000,-10134000.000,-17719000.000,-9258000.000,-6596000.000,-7927000.000,-8995000.000,-9121000.000,-4940000.000,-7126000.000,,,,,,,,,,,,,,,
OperatingCostsAndExpenses,53637000.000,82171000.000,86461000.000,55261000.000,54299000.000,72899000.000,72762000.000,45251000.000,48644000.000,76948000.000,80440000.000,61859000.000,49903000.000,78638000.000,78700000.000,55362000.000,47801000.000,70161000.000,70711000.000,54936000.000,45104000.000,69368000.000,71987000.000,53638000.000,45919000.000
OperatingIncomeLoss,-9737000.000,23156000.000,-39632000.000,22026000.000,-9214000.000,23742000.000,25883000.000,1474000.000,-46418000.000,24855000.000,37992000.000,-2679000.000,-6547000.000,26124000.000,35996000.000,-1132000.000,-8761000.000,37717000.000,27063000.000,5526000.000,-7263000.000,21656000.000,44791000.000,-512000.000,-15890000.000
OtherComprehensiveIncomeDefinedBenefitPlansAdjustmentNetOfTaxPeriodIncreaseDecrease,,,,,,-192000.000,-68000.000,,,,,,,,,,,,,,,,,,
OtherComprehensiveIncomeDefinedBenefitPlansAdjustmentNetOfTaxPortionAttributableToParent,,,,,178000.000,,,,,,,,,,,,,,,,,,,,
OtherComprehensiveIncomeDefinedBenefitPlansTax,,,,,,,-145000.000,,,,,,,,,,,,,,,,,,
OtherComprehensiveIncomeDerivativesQualifyingAsHedgesNetOfTaxPeriodIncreaseDecrease,,,-1342000.000,,,-576000.000,94000.000,,,,,,,,,,,,,,,,,,
OtherComprehensiveIncomeDerivativesQualifyingAsHedgesNetOfTaxPortionAttributableToParent,,,,,-520000.000,,,,,,,,,,,,,,,,,,,,
OtherComprehensiveIncomeDerivativesQualifyingAsHedgesTaxEffectPeriodIncreaseDecrease,,,-1494000.000,,-87000.000,-326000.000,469000.000,,,,,,,,,,,,,,,,,,
OtherComprehensiveIncomeForeignCurrencyTransactionAndTranslationAdjustmentNetOfTaxPeriodIncreaseDecrease,,,-49295000.000,,,-42060000.000,-1512000.000,,,,,,,,,,,,,,,,,,
OtherComprehensiveIncomeForeignCurrencyTransactionAndTranslationAdjustmentNetOfTaxPortionAttributableToParent,,,,,19645000.000,,,,,,,,,,,,,,,,,,,,
OtherComprehensiveIncomeForeignCurrencyTranslationAdjustmentTax,,,,,,,641000.000,,,,,,,,,,,,,,,,,,
OtherComprehensiveIncomeLossDerivativesQualifyingAsHedgesNetOfTax,,,,,,,,,1211000.000,830000.000,89000.000,465000.000,2625000.000,-2144000.000,812000.000,-1481000.000,-1019000.000,785000.000,-1495000.000,1207000.000,-1468000.000,-247000.000,748000.000,1834000.000,664000.000
OtherComprehensiveIncomeLossDerivativesQualifyingAsHedgesTax,,,,,,,,,314000.000,319000.000,85000.000,116000.000,1503000.000,0.000,0.000,0.000,-524000.000,264000.000,-493000.000,401000.000,-459000.000,-89000.000,235000.000,535000.000,175000.000
OtherComprehensiveIncomeLossForeignCurrencyTransactionAndTranslationAdjustmentNetOfTax,,,,,,,,,-16438000.000,-9224000.000,13153000.000,-1702000.000,-52097000.000,10602000.000,-57937000.000,-52723000.000,-51242000.000,10906000.000,-31938000.000,-16183000.000,15074000.000,-9175000.000,1769000.000,-18516000.000,13081000.000
OtherComprehensiveIncomeLossForeignCurrencyTranslationAdjustmentTax,,,,,,,,,114000.000,-371000.000,260000.000,-3000.000,0.000,0.000,0.000,-462000.000,-1400000.000,-112000.000,-1163000.000,2675000.000,0.000,0.000,-335000.000,-474000.000,0.000
OtherComprehensiveIncomeLossNetOfTax,,,,,,,,,-15361000.000,-8376000.000,13109000.000,3685000.000,-49472000.000,8458000.000,-57125000.000,-56130000.000,-52076000.000,11804000.000,-33281000.000,-14846000.000,13739000.000,-9290000.000,2638000.000,-19187000.000,13901000.000
OtherComprehensiveIncomeLossNetOfTaxPeriodIncreaseDecrease,21657000.000,,,,18945000.000,,,,,,,,,,,,,,,,,,,,
OtherComprehensiveIncomeLossNetOfTaxPortionAttributableToParent,,,,,18947000.000,,,,,,,,,,,,,,,,,,,,
OtherComprehensiveIncomeLossPensionAndOtherPostretirementBenefitPlansAdjustmentNetOfTax,,,,,,,,,134000.000,-18000.000,133000.000,-4922000.000,0.000,0.000,0.000,1926000.000,-185000.000,-113000.000,-152000.000,-130000.000,-133000.000,-132000.000,-121000.000,2505000.000,-156000.000
OtherComprehensiveIncomeLossPensionAndOtherPostretirementBenefitPlansTax,,,,,,,,,53000.000,-1000.000,-52000.000,-1336000.000,0.000,0.000,0.000,528000.000,0.000,-76000.000,-37000.000,-34000.000,-29000.000,-29000.000,-29000.000,617000.000,32000.000
OtherIncome,,,,,,,,,,,,,,,,,,,,,,,0.000,,
OtherNoncashIncomeExpense,,,,,-413000.000,,,,,,,,,,,,,,,,,,,,
OtherOperatingActivitiesCashFlowStatement,,,,,,,,,,,,,,,,,74000.000,,,,466000.000,,,,602000.000
PaymentsForProceedsFromInvestments,,,,,,,,,,,,,,,,,0.000,,,,,,,,
PaymentsForRepurchaseOfCommonStock,157000.000,,,,,,,,,,,,,,,,,,,,,,,,
PaymentsForRepurchaseOfEquity,,,,,,,,,,,,,,,,,,,,,1992000.000,,,,0.000
PaymentsOfDebtIssuanceCosts,,,,,,,,,635000.000,,,,12931000.000,,,,0.000,,,,,,,,
PaymentsOfDividendsMinorityInterest,,,,,,,,,,,,,,,,,20000.000,,,,7000.000,,,,0.000
PaymentsToAcquireBusinessesAndInterestInAffiliates,2252000.000,,,,687000.000,,,,,,,,,,,,,,,,,,,,
PaymentsToAcquireIntangibleAssets,,,,,,,,,,,,,,,,,706000.000,,,,0.000,,,,
PaymentsToAcquireInvestments,,,,,,,,,990000.000,,,,318000.000,,,,,,,,,,,,
PaymentsToAcquirePropertyPlantAndEquipment,14636000.000,14905000.000,14136000.000,16933000.000,19618000.000,25395000.000,23179000.000,28939000.000,20710000.000,17692000.000,14051000.000,14193000.000,17998000.000,20919000.000,13567000.000,10970000.000,16842000.000,14523000.000,11242000.000,13788000.000,11013000.000,16063000.000,13480000.000,14548000.000,11995000.000
ProceedsFromInsuranceSettlementInvestingActivities,,,,,,,,,65000.000,,,,200000.000,,,,0.000,,,,,,,,
ProceedsFromInsuranceSettlementOperatingActivities,,,,,,,,,0.000,,,,,,,,,,,,,,,,
ProceedsFromIssuanceOfCommonStock,,,,,0.000,,,,,,,,,,,,,,,,,,,,
ProceedsFromIssuanceOfLongTermDebt,-458000.000,,,,2279000.000,,,,6398000.000,,,,569097000.000,,,,0.000,,,,,,,,
ProceedsFromRepaymentsOfLinesOfCredit,,,,,,,,,,,,,-133000.000,,,,,,,,,,,,
ProceedsFromSaleOfPropertyPlantAndEquipment,,,,,0.000,,,,,,,,37842000.000,,,,0.000,,,,,,,,
ProceedsFromShortTermDebt,,,,,162000.000,,,,382000.000,,,,,,,,,,,,,,,,
ProceedsFromStockOptionsExercised,,,,,2000.000,,,,1000.000,,,,1000.000,,,,17000.000,,,,3000.000,,,,4000.000
ProfitLoss,-14680000.000,5221000.000,-50067000.000,-28070000.000,-15400000.000,11678000.000,17682000.000,-20848000.000,-47006000.000,17337000.000,16125000.000,-17952000.000,-20644000.000,5996000.000,14883000.000,-1970000.000,-9454000.000,15334000.000,9481000.000,493000.000,-1469000.000,8308000.000,22885000.000,6709000.000,-17977000.000
RepaymentsOfLinesOfCredit,,,,,,,,,,,,,,,,,0.000,,,,,,,,
RepaymentsOfLongTermDebt,8515000.000,,,,9200000.000,,,,10300000.000,,,,559975000.000,,,,1411000.000,,,,1342000.000,,,,1670000.000
RepaymentsOfShortTermDebt,1109000.000,,,,,,,,,,,,,,,,,,,,,,,,
RestructuringCharges,,,,,,,,,,,,,,,,,,,,,,,,,1231000.000
Revenues,103907000.000,176890000.000,183858000.000,123904000.000,108852000.000,161708000.000,159975000.000,114883000.000,104070000.000,171850000.000,187189000.000,130972000.000,102543000.000,175604000.000,183519000.000,124049000.000,99490000.000,160805000.000,168395000.000,122695000.000,97402000.000,154490000.000,183737000.000,114195000.000,95361000.000
SalesRevenueNet,103907000.000,176890000.000,183858000.000,123904000.000,108852000.000,161708000.000,159975000.000,114883000.000,104070000.000,171850000.000,187189000.000,130972000.000,102543000.000,175604000.000,183519000.000,124049000.000,99490000.000,160805000.000,168395000.000,122695000.000,97402000.000,154490000.000,183737000.000,114195000.000,95361000.000
SellingGeneralAndAdministrativeExpense,49306000.000,59763000.000,60256000.000,57350000.000,52739000.000,54549000.000,50781000.000,51941000.000,54623000.000,57776000.000,58055000.000,56816000.000,50772000.000,58224000.000,56882000.000,53706000.000,48021000.000,54629000.000,54493000.000,49054000.000,46644000.000,50285000.000,53285000.000,48376000.000,51754000.000
ShareBasedCompensation,1572000.000,,,,1937000.000,,,,1550000.000,,,,791000.000,,,,750000.000,,,,1642000.000,,,,1535000.000
StockIssuedDuringPeriodValueNewIssues,-157000.000,,,,0.000,,,,,,,,,,,,,,,,,,,,
StockIssuedDuringPeriodValueStockOptionsExercised,1000.000,,,,2000.000,,,,1000.000,,,,1000.000,,,,17000.000,,,,3000.000,,,,3000.000
StockRepurchasedAndRetiredDuringPeriodValue,,,,,,,,,,,,,,,,,,,,,1992000.000,,,,
TranslationAdjustmentForNetInvestmentHedgeIncreaseDecreaseNetOfTax,,,,,,,,,1111000.000,-1183000.000,0.000,-944000.000,-434000.000,1359000.000,15838000.000,8053000.000,20155000.000,-6488000.000,-147000.000,4701000.000,7661000.000,4577000.000,-1955000.000,-5308000.000,-2342000.000
UnrealizedGainLossOnDerivatives,,,,,,,,,,,,,143000.000,,,,,,,,,,,,
UnrecognizedTaxBenefitsPeriodIncreaseDecrease,-2056000.000,324000.000,-790000.000,,56000.000,-312000.000,76000.000,6000.000,3924000.000,3924000.000,3924000.000,-13560000.000,,,,,,,,,,,,,
WeightedAverageNumberDilutedSharesOutstandingAdjustment,,1176000.000,,,,973000.000,2784000.000,,0.000,2249000.000,2236000.000,-4485000.000,0.000,2184000.000,2416000.000,-2309000.000,0.000,2049000.000,1499000.000,-2355000.000,0.000,1385000.000,1541000.000,-1557000.000,0.000
WeightedAverageNumberOfDilutedSharesOutstanding,,103645000.000,102604000.000,,102717000.000,103863000.000,105677000.000,-209408000.000,103011000.000,105312000.000,105573000.000,-210670000.000,103719000.000,105918000.000,106339000.000,-209848000.000,104112000.000,105701000.000,104332000.000,-209789000.000,101315000.000,102919000.000,103293000.000,-204572000.000,101863000.000
WeightedAverageNumberOfSharesOutstandingBasic,,102469000.000,102604000.000,,102717000.000,102890000.000,102893000.000,-205651000.000,103011000.000,103063000.000,103337000.000,-206185000.000,103719000.000,103734000.000,103923000.000,-207539000.000,104112000.000,103652000.000,102833000.000,-207434000.000,101315000.000,101534000.000,101752000.000,-203015000.000,101863000.000
