,2011-03-31,2011-06-30,2011-09-30,2011-12-31,2012-03-31,2012-06-30,2012-09-30,2012-12-31,2013-03-31,2013-06-30,2013-09-30,2013-12-31,2014-03-31,2014-06-30,2014-09-30,2014-12-31,2015-03-31,2015-06-30,2015-09-30,2015-12-31,2016-03-31,2016-06-30,2016-09-30,2016-12-31,2017-03-31
AdditionsToContractHoldersFunds,893300000.000,,,,1618600000.000,,,,1419700000.000,,,,1319700000.000,,,,1277800000.000,,,,3976300000.000,,,,2629100000.000
AdjustmentsNoncashItemsToReconcileNetIncomeLossToCashProvidedByUsedInOperatingActivitiesOther,501900000.000,,,,,,,,,,,,,,,,,,,,,,,,
AdjustmentsToReconcileNetIncomeLossToCashProvidedByUsedInOperatingActivities,972400000.000,,,,682800000.000,,,,405900000.000,,,,267200000.000,,,,201800000.000,,,,526300000.000,,,,169300000.000
AvailableForSaleSecuritiesGrossRealizedGainsLossesSaleProceeds,500000000.000,200000000.000,100000000.000,100000000.000,400000000.000,300000000.000,300000000.000,200000000.000,600000000.000,540200000.000,415700000.000,217100000.000,471900000.000,835600000.000,437100000.000,506600000.000,556300000.000,,,,,,,,
BenefitsLossesAndExpenses,1936300000.000,1969700000.000,1950600000.000,1865400000.000,1818800000.000,1883600000.000,2523300000.000,2030000000.000,1938500000.000,1945000000.000,1919300000.000,2362700000.000,2102200000.000,2199200000.000,2090500000.000,2590800000.000,2199200000.000,2964700000.000,2871700000.000,2498000000.000,2596800000.000,2625800000.000,2447300000.000,3132500000.000,2635400000.000
BusinessAcquisitionProFormaEarningsPerShareBasic,,,,,,,,,0.740,0.760,0.830,0.920,,,,,,,,,,,,,
BusinessAcquisitionProFormaEarningsPerShareDiluted,,,,,,,,,0.730,0.750,0.820,0.910,,,,,,,,,,,,,
BusinessAcquisitionsProFormaNetIncomeLoss,,,,,,,,,217600000.000,236600000.000,259100000.000,243300000.000,,,,,,,,,,,,,
BusinessAcquisitionsProFormaRevenue,,,,,,,,,2216600000.000,2210600000.000,2239600000.000,2672600000.000,,,,,,,,,,,,,
CashAndCashEquivalentsPeriodIncreaseDecrease,106800000.000,,,,-1182000000.000,,,,-2516000000.000,,,,-978700000.000,,,,-411900000.000,,,,-421900000.000,,,,-1184900000.000
ChangeInUnrealizedGainLossOnFairValueHedgingInstruments,,,,,47100000.000,-45900000.000,21400000.000,26000000.000,-32400000.000,55900000.000,49700000.000,28700000.000,,,,,,,,,,,,,
ChangeInUnrealizedGainLossOnFairValueHedgingInstruments1,,,,,,,,,,,,,8000000.000,4300000.000,19100000.000,,4200000.000,,,,,,,,
ChangeInUnrealizedGainLossOnHedgedItemInFairValueHedge,,,,,-41700000.000,44000000.000,-23900000.000,-24700000.000,33800000.000,-52700000.000,-49300000.000,-28000000.000,,,,,,,,,,,,,
ChangeInUnrealizedGainLossOnHedgedItemInFairValueHedge1,,,,,,,,,,,,,-8500000.000,-5000000.000,-19000000.000,,-4600000.000,,,,,,,,
CommonStockDividendsPerShareDeclared,,,,,,,,,,,,,,0.320,0.340,,0.360,0.380,0.380,0.380,0.380,0.390,0.410,0.430,0.450
ComprehensiveIncomeNetOfTax,,,,,439800000.000,243800000.000,518200000.000,-22000000.000,167200000.000,-390900000.000,236700000.000,442600000.000,480500000.000,552200000.000,29600000.000,-51000000.000,406500000.000,-93600000.000,103000000.000,-104500000.000,903700000.000,659100000.000,419300000.000,-449000000.000,569000000.000
ComprehensiveIncomeNetOfTaxAttributableToNoncontrollingInterest,,,,,10000000.000,2100000.000,4200000.000,3700000.000,2400000.000,-2400000.000,4400000.000,4200000.000,20200000.000,6400000.000,-2700000.000,-2900000.000,400000.000,8900000.000,-13800000.000,3200000.000,4700000.000,7000000.000,18800000.000,19200000.000,5700000.000
ComprehensiveIncomeNetOfTaxIncludingPortionAttributableToNoncontrollingInterest,476200000.000,463200000.000,-223600000.000,-35700000.000,449800000.000,245900000.000,522400000.000,-18300000.000,169600000.000,-393300000.000,241100000.000,446800000.000,500700000.000,558600000.000,26900000.000,-53900000.000,406900000.000,-84700000.000,89200000.000,-101300000.000,908400000.000,666100000.000,438100000.000,-429800000.000,574700000.000
DeferredPolicyAcquisitionCostAmortizationExpense,55500000.000,,,,-131100000.000,,,,55600000.000,,,,74900000.000,,,,61500000.000,,,,99600000.000,,,,52300000.000
DeferredPolicyAcquisitionCostsAdditions,-127000000.000,,,,-101000000.000,,,,-124200000.000,,,,-95900000.000,,,,-99800000.000,,,,-103200000.000,,,,
DefinedBenefitPlanContributionsByEmployer,,,,,23000000.000,23000000.000,23000000.000,,27000000.000,27000000.000,27000000.000,,40300000.000,17200000.000,40300000.000,,11400000.000,31200000.000,25200000.000,,24800000.000,34900000.000,15000000.000,,35200000.000
DepreciationAmortizationAndAccretionNet,31400000.000,,,,36800000.000,,,,34900000.000,,,,40500000.000,,,,41600000.000,,,,45800000.000,,,,48100000.000
DerivativeInstrumentsNotDesignatedAsHedgingInstrumentsGainLossNet,-6700000.000,54000000.000,-23100000.000,-120100000.000,15700000.000,33500000.000,-51600000.000,5400000.000,-7600000.000,-45900000.000,-25300000.000,-23300000.000,-6600000.000,16900000.000,-51400000.000,5400000.000,34700000.000,-72900000.000,54600000.000,-50800000.000,204900000.000,-31900000.000,-11200000.000,10700000.000,-15500000.000
DividendsCommonStock,,,,,54300000.000,,,,67600000.000,,,,82700000.000,,,,106300000.000,,,,110400000.000,,,,130000000.000
DividendsPreferredStock,8200000.000,8300000.000,8200000.000,8300000.000,8200000.000,8300000.000,8200000.000,8300000.000,8200000.000,8300000.000,8200000.000,8300000.000,8200000.000,8300000.000,8200000.000,8300000.000,8200000.000,8300000.000,,,,,,,
EarningsPerShareBasic,0.610,0.810,0.200,0.550,0.670,0.580,0.610,0.740,0.610,0.760,0.830,0.790,0.960,1.040,0.780,0.920,1.410,0.820,1.020,0.860,1.260,1.110,1.070,1.110,1.210
EarningsPerShareDiluted,0.600,0.800,0.200,0.550,0.660,0.580,0.600,0.730,0.610,0.750,0.820,0.770,0.950,1.030,0.770,0.900,1.390,0.810,1.010,0.850,1.250,1.100,1.060,1.090,1.190
EffectiveIncomeTaxRateContinuingOperations,,,,,,,,,,,,,,,,,,,,,,,,,0.150
EffectiveIncomeTaxRateReconciliationAtFederalStatutoryIncomeTaxRate,0.350,0.350,0.350,-0.700,0.350,0.350,0.350,-0.700,0.350,0.350,0.350,-0.700,0.350,0.350,0.350,-0.700,0.350,0.350,0.350,-0.700,0.350,0.350,0.350,-0.700,0.350
EffectiveIncomeTaxRateReconciliationDeductionsDividends,,,,,,,,,,,,,,,,,,,,,,,,,0.100
EffectiveIncomeTaxRateReconciliationEquityInEarningsLossesOfUnconsolidatedSubsidiary,,,,,,,,,,,,,,,,,,,,,,,,,0.040
EffectiveIncomeTaxRateReconciliationOtherAdjustments,,,,,,,,,,,,,,,,,,,,,,,,,-0.030
EffectiveIncomeTaxRateReconciliationTaxCredits,,,,,,,,,,,,,,,,,,,,,,,,,0.030
ExcessTaxBenefitFromShareBasedCompensationFinancingActivities,1600000.000,,,,9900000.000,,,,3800000.000,,,,4900000.000,,,,13000000.000,,,,5000000.000,,,,
FairValueMeasurementWithUnobservableInputsReconciliationRecurringBasisAssetTransfersIntoLevel3,,26600000.000,41300000.000,,,,,,,,,,,,,,,,,,,,,,
FairValueMeasurementWithUnobservableInputsReconciliationRecurringBasisAssetTransfersOutOfLevel3,,62500000.000,330400000.000,,,,,,,,,,,,,,,,,,,,,,
FeesAndCommissions,620800000.000,678600000.000,631500000.000,634200000.000,598000000.000,636100000.000,675000000.000,717600000.000,733600000.000,803800000.000,803000000.000,881800000.000,829700000.000,855500000.000,884500000.000,912400000.000,950800000.000,901500000.000,891900000.000,908900000.000,855900000.000,916800000.000,915000000.000,939700000.000,940600000.000
FinancingReceivableAllowanceForCreditLossesProvisions,,13800000.000,7800000.000,,13600000.000,,,,,,,,,,,,,,,,,,,,
FinancingReceivableAllowanceForCreditLossesRecoveries,,-700000.000,-1100000.000,,-1200000.000,,,,,,,,,,,,,,,,,,,,
FinancingReceivableAllowanceForCreditLossesRecovery,,,,,,800000.000,600000.000,,1000000.000,1300000.000,900000.000,700000.000,1700000.000,700000.000,300000.000,900000.000,600000.000,1300000.000,800000.000,1000000.000,800000.000,800000.000,1200000.000,800000.000,1300000.000
FinancingReceivableAllowanceForCreditLossesWriteOffs,,25000000.000,11800000.000,,27700000.000,13800000.000,14100000.000,6200000.000,15400000.000,6600000.000,9900000.000,14400000.000,3400000.000,2600000.000,15100000.000,2500000.000,3000000.000,3500000.000,1000000.000,4900000.000,800000.000,800000.000,1100000.000,3400000.000,1600000.000
FinancingReceivableModificationsPostModificationRecordedInvestment2,,,,,,,,,,,,,,,,,,,,,,,,,300000.000
FinancingReceivableModificationsSubsequentDefaultRecordedInvestment1,,,,,,,,,,,,,,,,,,,,,,,,,100000.000
GainLossOnDerivativeInstrumentsNetPretax,,-64600000.000,-105700000.000,,27600000.000,2800000.000,-50500000.000,9200000.000,18200000.000,11800000.000,-34800000.000,-18200000.000,-11300000.000,15200000.000,-2000000.000,11200000.000,,,,,,,,,
GainLossOnInvestments,-58000000.000,37700000.000,-30700000.000,-71300000.000,-6700000.000,200000.000,87700000.000,32900000.000,-50900000.000,-80100000.000,-50900000.000,-43300000.000,600000.000,86800000.000,-46400000.000,-26300000.000,66200000.000,-114600000.000,38400000.000,-41100000.000,136600000.000,33700000.000,44200000.000,-43400000.000,-16600000.000
IncomeTaxExpenseBenefit,60400000.000,82400000.000,71900000.000,21700000.000,58200000.000,50900000.000,-9900000.000,35500000.000,38200000.000,29000000.000,61200000.000,59500000.000,52300000.000,88300000.000,141000000.000,36900000.000,29000000.000,29600000.000,68300000.000,50700000.000,70600000.000,72900000.000,43300000.000,43100000.000,60400000.000
IncreaseDecreaseInAccruedInvestmentIncomeReceivable,9500000.000,,,,7300000.000,,,,100000.000,,,,8300000.000,,,,25200000.000,,,,34700000.000,,,,44600000.000
IncreaseDecreaseInDeposits,-25800000.000,,,,-13400000.000,,,,6900000.000,,,,-39100000.000,,,,-13500000.000,,,,4000000.000,,,,6800000.000
IncreaseDecreaseInIncomeTaxes,,,,,-31100000.000,,,,136500000.000,,,,14400000.000,,,,-67400000.000,,,,57100000.000,,,,50300000.000
IncreaseDecreaseInInsuranceLiabilities,314200000.000,,,,521900000.000,,,,133100000.000,,,,344100000.000,,,,314100000.000,,,,617100000.000,,,,429800000.000
IncreaseDecreaseInReceivables,42400000.000,,,,-97300000.000,,,,-8700000.000,,,,-74000000.000,,,,-11800000.000,,,,-124200000.000,,,,44100000.000
LiabilityForUnpaidClaimsAndClaimsAdjustmentExpenseClaimsPaidCurrentYear1,,,,,,,,,,,,,,,,,,,,,,,,,140400000.000
LiabilityForUnpaidClaimsAndClaimsAdjustmentExpenseClaimsPaidPriorYears1,,,,,,,,,,,,,,,,,,,,,,,,,143900000.000
LiabilityForUnpaidClaimsAndClaimsAdjustmentExpenseIncurredClaims1,,,,,,,,,,,,,,,,,,,,,,,,,312300000.000
MinorityInterestChangeInRedemptionValue,,,,,,,,,,,,,34300000.000,,,,3700000.000,,,,-3100000.000,,,,500000.000
MinorityInterestDecreaseFromDistributionsToNoncontrollingInterestHolders,2400000.000,,,,3200000.000,,,,3600000.000,,,,22000000.000,,,,300000.000,,,,800000.000,,,,1000000.000
MinorityInterestDecreaseFromRedemptions,4500000.000,,,,,,,,30600000.000,,,,25300000.000,,,,8700000.000,,,,-5800000.000,,,,
MinorityInterestIncreaseFromStockIssuance,,,,,4200000.000,,,,113900000.000,,,,,,,,,,,,,,,,
NetCashProvidedByUsedInFinancingActivities,-1804600000.000,,,,-1393200000.000,,,,-1586500000.000,,,,-734700000.000,,,,-813300000.000,,,,535900000.000,,,,123200000.000
NetCashProvidedByUsedInFinancingActivitiesContinuingOperations,-1804600000.000,,,,-1393200000.000,,,,-1586500000.000,,,,-734700000.000,,,,-813300000.000,,,,535900000.000,,,,123200000.000
NetCashProvidedByUsedInInvestingActivities,715900000.000,,,,-690500000.000,,,,-1525400000.000,,,,-835300000.000,,,,-229500000.000,,,,-1853300000.000,,,,-1831000000.000
NetCashProvidedByUsedInInvestingActivitiesContinuingOperations,715900000.000,,,,-690500000.000,,,,-1525400000.000,,,,-835300000.000,,,,-229500000.000,,,,-1853300000.000,,,,-1831000000.000
NetCashProvidedByUsedInOperatingActivities,1195500000.000,,,,901700000.000,,,,595900000.000,,,,591300000.000,,,,630900000.000,,,,895500000.000,,,,522900000.000
NetCashProvidedByUsedInOperatingActivitiesContinuingOperations,1195500000.000,,,,901700000.000,,,,595900000.000,,,,591300000.000,,,,630900000.000,,,,895500000.000,,,,522900000.000
NetIncomeLoss,204500000.000,266300000.000,71900000.000,172300000.000,209700000.000,181400000.000,187900000.000,226900000.000,186500000.000,230600000.000,253900000.000,241700000.000,301900000.000,314600000.000,248900000.000,278700000.000,422400000.000,257600000.000,300400000.000,253600000.000,368000000.000,322300000.000,308200000.000,318000000.000,348900000.000
NetIncomeLossAttributableToNoncontrollingInterest,18600000.000,23600000.000,-5600000.000,-400000.000,9200000.000,2700000.000,3400000.000,3500000.000,3500000.000,6000000.000,5200000.000,8700000.000,22200000.000,4600000.000,3900000.000,1600000.000,6700000.000,7300000.000,500000.000,4700000.000,1200000.000,4700000.000,19200000.000,20200000.000,4700000.000
NetIncomeLossAttributableToRedeemableNoncontrollingInterest,,,,,,,,,100000.000,,,,2000000.000,,,,2900000.000,,,,-200000.000,,,,2800000.000
NetIncomeLossAvailableToCommonStockholdersBasic,196300000.000,258000000.000,63700000.000,164000000.000,201500000.000,173100000.000,179700000.000,218600000.000,178300000.000,222300000.000,245700000.000,233400000.000,293700000.000,306300000.000,240700000.000,270400000.000,414200000.000,241100000.000,300400000.000,253600000.000,368000000.000,322300000.000,308200000.000,318000000.000,
NetInvestmentIncome,859900000.000,873800000.000,815300000.000,826800000.000,824800000.000,801000000.000,783800000.000,845300000.000,789300000.000,749700000.000,784500000.000,814900000.000,844700000.000,829000000.000,770400000.000,813800000.000,723900000.000,789900000.000,753500000.000,784800000.000,761700000.000,799200000.000,856100000.000,879500000.000,877400000.000
OtherComprehensiveIncomeDefinedBenefitPlansAdjustmentBeforeTaxPeriodIncreaseDecrease,75700000.000,-33800000.000,-309900000.000,,13400000.000,,,,,,,,,,,,,,,,,,,,
OtherComprehensiveIncomeDefinedBenefitPlansAdjustmentNetOfTaxPeriodIncreaseDecrease,49200000.000,,,,8700000.000,,,,,,,,,,,,,,,,,,,,
OtherComprehensiveIncomeDefinedBenefitPlansTax,,,,,-4700000.000,,,,,,,,,,,,,,,,,,,,
OtherComprehensiveIncomeDerivativesQualifyingAsHedgesBeforeTaxPeriodIncreaseDecrease,-8600000.000,-9400000.000,72300000.000,,,,,,,,,,,,,,,,,,,,,,
OtherComprehensiveIncomeForeignCurrencyTransactionAndTranslationAdjustmentBeforeTaxPeriodIncreaseDecrease,,,,,61400000.000,,,,,,,,,,,,,,,,,,,,
OtherComprehensiveIncomeForeignCurrencyTransactionAndTranslationGainLossArisingDuringPeriodNetOfTax,22700000.000,,,,65300000.000,-86700000.000,48600000.000,-32000000.000,54400000.000,-190400000.000,-33500000.000,-99900000.000,-45600000.000,33000000.000,-195800000.000,-128200000.000,-132600000.000,-42500000.000,,,,,,,
OtherComprehensiveIncomeForeignCurrencyTranslationAdjustmentTax,,,,,-3900000.000,,,,,,,,,,,,,,,,,,,,
OtherComprehensiveIncomeLossBeforeTax,,,,,,121900000.000,478300000.000,,-54600000.000,-848200000.000,-3000000.000,344700000.000,279400000.000,356300000.000,-262300000.000,-489000000.000,3400000.000,-500700000.000,-227500000.000,-539100000.000,766300000.000,528900000.000,169400000.000,-1147000000.000,310500000.000
OtherComprehensiveIncomeLossBeforeTaxPeriodIncreaseDecrease,,,,,304400000.000,,,,,,,,,,,,,,,,,,,,
OtherComprehensiveIncomeLossForeignCurrencyTransactionAndTranslationAdjustmentBeforeTax,,,,,,-99400000.000,49200000.000,,55100000.000,-200400000.000,-32000000.000,-105300000.000,-55400000.000,34500000.000,-210300000.000,-143500000.000,-168000000.000,,,,,,,,
OtherComprehensiveIncomeLossForeignCurrencyTransactionAndTranslationAdjustmentNetOfTax,,,,,,,,,,,,,,,,,,,-263200000.000,,129700000.000,14100000.000,-16000000.000,-59700000.000,64400000.000
OtherComprehensiveIncomeLossForeignCurrencyTranslationAdjustmentTax,,,,,,-12700000.000,600000.000,,700000.000,-10000000.000,1500000.000,-5400000.000,-9800000.000,1500000.000,-14500000.000,-15300000.000,-35400000.000,,,,,,,,
OtherComprehensiveIncomeLossNetOfTax,,,,,,61800000.000,331100000.000,,-20400000.000,-629900000.000,-18000000.000,196400000.000,176600000.000,239400000.000,-225900000.000,-334200000.000,-22200000.000,-349600000.000,-211700000.000,-359600000.000,539200000.000,339100000.000,110700000.000,-768000000.000,221100000.000
OtherComprehensiveIncomeLossNetOfTaxPeriodIncreaseDecrease,,,,,230900000.000,,,,,,,,,,,,,,,,,,,,
OtherComprehensiveIncomeLossPensionAndOtherPostretirementBenefitPlansAdjustmentBeforeTax,,,,,,-13500000.000,-13400000.000,,-21200000.000,-21300000.000,-21200000.000,-447900000.000,-5500000.000,-5500000.000,-5500000.000,439900000.000,-20300000.000,,,,,,,,
OtherComprehensiveIncomeLossPensionAndOtherPostretirementBenefitPlansAdjustmentNetOfTax,,,,,,-8800000.000,-8700000.000,,-13800000.000,-13800000.000,-13800000.000,-291200000.000,-3500000.000,-3600000.000,-3600000.000,265900000.000,-12000000.000,-12000000.000,-11900000.000,75000000.000,-8000000.000,-8000000.000,-8000000.000,-17800000.000,-4300000.000
OtherComprehensiveIncomeLossPensionAndOtherPostretirementBenefitPlansTax,,,,,,-4700000.000,-4700000.000,,-7400000.000,-7500000.000,-7400000.000,-156700000.000,-2000000.000,-1900000.000,-1900000.000,174000000.000,-8300000.000,,,,,,,,
OtherComprehensiveIncomeLossReclassificationAdjustmentForSaleOfSecuritiesIncludedInNetIncomeBeforeTax,,,,,,29600000.000,56400000.000,,34100000.000,24300000.000,8400000.000,-5700000.000,,,,,,,,,,,,,
OtherComprehensiveIncomeLossReclassificationAdjustmentForSaleOfSecuritiesIncludedInNetIncomeNetOfTax,,,,,,19500000.000,36100000.000,,22400000.000,16200000.000,5500000.000,-3900000.000,,,,,,,,,,,,,
OtherComprehensiveIncomeLossReclassificationAdjustmentForSaleOfSecuritiesIncludedInNetIncomeTax,,,,,,10100000.000,20300000.000,,11700000.000,8100000.000,2900000.000,-1800000.000,,,,,,,,,,,,,
OtherComprehensiveIncomeLossReclassificationAdjustmentFromAOCIForSaleOfSecuritiesBeforeTax,,,,,,,,,,,,,23000000.000,38700000.000,-4300000.000,15800000.000,13600000.000,,,,,,,,
OtherComprehensiveIncomeLossReclassificationAdjustmentFromAOCIForSaleOfSecuritiesNetOfTax,,,,,,,,,,,,,15400000.000,26100000.000,-2900000.000,10200000.000,8900000.000,,,,,,,,
OtherComprehensiveIncomeLossReclassificationAdjustmentFromAOCIForSaleOfSecuritiesTax,,,,,,,,,,,,,7600000.000,12600000.000,-1400000.000,5600000.000,4700000.000,,,,,,,,
OtherComprehensiveIncomeLossReclassificationAdjustmentFromAOCIOnDerivativesBeforeTax,,,,,,,,,,,,,-9700000.000,1600000.000,1800000.000,2500000.000,10100000.000,,,,,,,,
OtherComprehensiveIncomeLossReclassificationAdjustmentFromAOCIOnDerivativesNetOfTax,,,,,,,,,,,,,-6200000.000,1100000.000,1200000.000,1800000.000,6700000.000,,,,,,,,
OtherComprehensiveIncomeLossReclassificationAdjustmentFromAOCIOnDerivativesTax,,,,,,,,,,,,,-3500000.000,500000.000,600000.000,700000.000,3400000.000,,,,,,,,
OtherComprehensiveIncomeLossReclassificationAdjustmentOnDerivativesIncludedInNetIncomeBeforeTax,,,,,,1000000.000,-500000.000,,-500000.000,200000.000,1900000.000,10000000.000,,,,,,,,,,,,,
OtherComprehensiveIncomeLossReclassificationAdjustmentOnDerivativesIncludedInNetIncomeNetOfTax,,,,,,500000.000,-300000.000,,-400000.000,100000.000,1100000.000,6500000.000,,,,,,,,,,,,,
OtherComprehensiveIncomeLossReclassificationAdjustmentOnDerivativesIncludedInNetIncomeTax,,,,,,500000.000,-200000.000,,-100000.000,100000.000,800000.000,3500000.000,,,,,,,,,,,,,
OtherComprehensiveIncomeLossTax,122900000.000,86400000.000,-77500000.000,,73500000.000,60100000.000,147200000.000,-122200000.000,-34200000.000,-218300000.000,15000000.000,148300000.000,102800000.000,116900000.000,-36400000.000,-154800000.000,25600000.000,-151100000.000,-15800000.000,-179500000.000,227100000.000,189800000.000,58700000.000,-379000000.000,89400000.000
OtherComprehensiveIncomeReclassificationAdjustmentForSaleOfSecuritiesIncludedInNetIncomeBeforeTax,,,,,-10500000.000,,,,,,,,,,,,,,,,,,,,
OtherComprehensiveIncomeReclassificationAdjustmentForSaleOfSecuritiesIncludedInNetIncomeNetOfTax,,,,,-6600000.000,,,,,,,,,,,,,,,,,,,,
OtherComprehensiveIncomeReclassificationAdjustmentForSaleOfSecuritiesIncludedInNetIncomeTax,,,,,-3900000.000,,,,,,,,,,,,,,,,,,,,
OtherComprehensiveIncomeReclassificationAdjustmentOnDerivativesIncludedInNetIncomeBeforeTax,,,,,-9700000.000,,,,,,,,,,,,,,,,,,,,
OtherComprehensiveIncomeReclassificationAdjustmentOnDerivativesIncludedInNetIncomeNetOfTax,,,,,-6300000.000,,,,,,,,,,,,,,,,,,,,
OtherComprehensiveIncomeReclassificationAdjustmentOnDerivativesIncludedInNetIncomeTax,,,,,-3400000.000,,,,,,,,,,,,,,,,,,,,
OtherComprehensiveIncomeUnrealizedGainLossOnDerivativesArisingDuringPeriodBeforeTax,,,,,-43800000.000,73300000.000,-23900000.000,-31500000.000,32600000.000,-18600000.000,-45700000.000,-14600000.000,9700000.000,9600000.000,48400000.000,32600000.000,52300000.000,,,,,,,,
OtherComprehensiveIncomeUnrealizedGainLossOnDerivativesArisingDuringPeriodNetOfTax,,,,,-28500000.000,47700000.000,-15600000.000,-20400000.000,21800000.000,-12000000.000,-29800000.000,-9500000.000,6300000.000,6200000.000,31400000.000,21300000.000,33900000.000,,,,,,,,
OtherComprehensiveIncomeUnrealizedGainLossOnDerivativesArisingDuringPeriodTax,,,,,-15300000.000,25600000.000,-8300000.000,-11100000.000,10800000.000,-6600000.000,-15900000.000,-5100000.000,3400000.000,3400000.000,17000000.000,11300000.000,18400000.000,,,,,,,,
OtherComprehensiveIncomeUnrealizedHoldingGainLossOnSecuritiesArisingDuringPeriodBeforeTax,,,,,333100000.000,292900000.000,810700000.000,140600000.000,-132300000.000,-1405200000.000,-40900000.000,-108100000.000,660500000.000,651200000.000,-301800000.000,78000000.000,283300000.000,,,,,,,,
OtherComprehensiveIncomeUnrealizedHoldingGainLossOnSecuritiesArisingDuringPeriodNetOfTax,,,,,220900000.000,209700000.000,537200000.000,88900000.000,-86300000.000,-959700000.000,-31800000.000,-49200000.000,437200000.000,430000000.000,-198000000.000,-6500000.000,185000000.000,,,,,,,,
OtherComprehensiveIncomeUnrealizedHoldingGainLossOnSecuritiesArisingDuringPeriodTax,,,,,112200000.000,83200000.000,273500000.000,51700000.000,-46000000.000,-445500000.000,-9100000.000,-58900000.000,223300000.000,221200000.000,-103800000.000,84500000.000,98300000.000,,,,,,,,
OtherNoncashIncomeExpense,,,,,-258200000.000,,,,-219700000.000,,,,262300000.000,,,,22900000.000,,,,140700000.000,,,,355500000.000
OtherThanTemporaryImpairmentCreditLossesRecognizedInEarningsAdditionsAdditionalCreditLosses,,34200000.000,35300000.000,,20800000.000,19100000.000,20900000.000,19200000.000,18300000.000,16800000.000,18900000.000,21900000.000,24100000.000,20400000.000,21000000.000,1900000.000,1700000.000,6400000.000,3200000.000,2500000.000,6300000.000,7800000.000,5200000.000,12400000.000,9500000.000
OtherThanTemporaryImpairmentCreditLossesRecognizedInEarningsAdditionsNoPreviousImpairment,,12800000.000,9100000.000,,7400000.000,9500000.000,2200000.000,1600000.000,4300000.000,1900000.000,4900000.000,4000000.000,300000.000,3600000.000,2200000.000,5200000.000,800000.000,800000.000,4300000.000,200000.000,26500000.000,500000.000,5700000.000,10700000.000,13300000.000
OtherThanTemporaryImpairmentCreditLossesRecognizedInEarningsReductionsCashFlows,,-1100000.000,-900000.000,,1000000.000,1300000.000,2800000.000,3300000.000,3400000.000,3100000.000,2700000.000,3400000.000,2000000.000,2100000.000,1500000.000,1000000.000,2000000.000,1000000.000,2200000.000,2300000.000,-1000000.000,1200000.000,2400000.000,3800000.000,
OtherThanTemporaryImpairmentLossesInvestmentsAvailableforsaleSecurities,,40900000.000,12700000.000,,33700000.000,49100000.000,43600000.000,9500000.000,44700000.000,24600000.000,11900000.000,10300000.000,-10900000.000,-14900000.000,7300000.000,-5300000.000,-14000000.000,600000.000,6500000.000,7700000.000,55600000.000,3400000.000,,,
OtherThanTemporaryImpairmentLossesInvestmentsPortionInOtherComprehensiveIncomeLossBeforeTaxIncludingPortionAttributableToNoncontrollingInterest,,9700000.000,34900000.000,,-4900000.000,,,,,,,,,,,,,,,,,,,,
OtherThanTemporaryImpairmentLossesInvestmentsPortionInOtherComprehensiveIncomeLossBeforeTaxIncludingPortionAttributableToNoncontrollingInterestAvailableforsaleSecurities,,9700000.000,34900000.000,,-4900000.000,-17100000.000,-9200000.000,13900000.000,-20200000.000,2100000.000,9300000.000,33300000.000,30100000.000,37800000.000,14600000.000,19300000.000,21500000.000,5400000.000,1100000.000,1400000.000,-7500000.000,6600000.000,-10700000.000,11200000.000,1500000.000
OtherThanTemporaryImpairmentLossesInvestmentsPortionInOtherComprehensiveIncomeLossNetOfTaxIncludingPortionAttributableToNoncontrollingInterestAvailableforsaleSecurities,,,,,3300000.000,11000000.000,6000000.000,-9100000.000,13100000.000,-1800000.000,-6400000.000,-21100000.000,-19600000.000,-24000000.000,-9700000.000,-13100000.000,-14100000.000,,,,,,,,
OtherThanTemporaryImpairmentLossesInvestmentsPortionInOtherComprehensiveIncomeLossTaxIncludingPortionAttributableToNoncontrollingInterestAvailableforsaleSecurities,,,,,1700000.000,6100000.000,3200000.000,-4900000.000,7100000.000,-300000.000,-2900000.000,-12200000.000,-10500000.000,-13800000.000,-5000000.000,-6300000.000,-7400000.000,,,,,,,,
OtherThanTemporaryImpairmentLossesInvestmentsPortionRecognizedInEarningsNetAvailableforsaleSecurities,,50600000.000,47600000.000,,28800000.000,32000000.000,34400000.000,23400000.000,24500000.000,26700000.000,21200000.000,43600000.000,19200000.000,22900000.000,21900000.000,14000000.000,7500000.000,6000000.000,7600000.000,9100000.000,48100000.000,10000000.000,11300000.000,29000000.000,28800000.000
PaymentsForDerivativeInstrumentFinancingActivities,,,,,16200000.000,,,,12700000.000,,,,12700000.000,,,,19300000.000,,,,21300000.000,,,,20900000.000
PaymentsForLossesAndLossAdjustmentExpense,,,,,,,,,,,,,,,,,,,,,,,,,284300000.000
PaymentsForOriginationAndPurchasesOfLoansHeldForSale,25900000.000,,,,22000000.000,,,,,,,,,,,,,,,,,,,,
PaymentsForProceedsFromOtherInvestingActivities,68400000.000,,,,73800000.000,,,,32200000.000,,,,-69200000.000,,,,48100000.000,,,,30900000.000,,,,86500000.000
PaymentsForRepurchaseOfCommonStock,5900000.000,,,,64200000.000,,,,90900000.000,,,,89000000.000,,,,75400000.000,,,,105600000.000,,,,142800000.000
PaymentsOfDividendsCommonStock,,,,,54300000.000,,,,67600000.000,,,,82700000.000,,,,106300000.000,,,,110400000.000,,,,130000000.000
PaymentsOfDividendsPreferredStockAndPreferenceStock,8200000.000,,,,8200000.000,,,,,,,,,,,,8200000.000,,,,,,,,
PaymentsToAcquireAvailableForSaleSecurities,1666400000.000,,,,2060500000.000,,,,2447100000.000,,,,2659500000.000,,,,2220100000.000,,,,3558600000.000,,,,4307000000.000
PaymentsToAcquireHeldForSaleRealEstate,,,,,2900000.000,,,,16700000.000,,,,20700000.000,,,,18200000.000,,,,12800000.000,,,,10700000.000
PaymentsToAcquireInterestInSubsidiariesAndAffiliates,,,,,,,,,1268300000.000,,,,,,,,,,,,,,,,
PaymentsToAcquireMortgageNotesReceivable,123900000.000,,,,919600000.000,,,,610900000.000,,,,319300000.000,,,,511300000.000,,,,475900000.000,,,,473800000.000
PaymentsToAcquireRealEstateHeldForInvestment,7000000.000,,,,21300000.000,,,,23400000.000,,,,182200000.000,,,,87900000.000,,,,44500000.000,,,,90800000.000
PaymentsToMinorityShareholders,,,,,,,,,30600000.000,,,,25300000.000,,,,8700000.000,,,,2300000.000,,,,
PolicyholderBenefitsAndClaimsIncurredNet,1191500000.000,1013700000.000,1131800000.000,1117100000.000,1212500000.000,1110000000.000,1647000000.000,1154400000.000,1094500000.000,1095700000.000,1096200000.000,1397200000.000,1227500000.000,1268400000.000,1113800000.000,1621300000.000,1236300000.000,2054600000.000,1869600000.000,1537200000.000,1658500000.000,1659900000.000,1482200000.000,2112600000.000,1657300000.000
PolicyholderDividends,53600000.000,52900000.000,52200000.000,51500000.000,50300000.000,49500000.000,49700000.000,48200000.000,48300000.000,47500000.000,48500000.000,44700000.000,45700000.000,44600000.000,44200000.000,42900000.000,41700000.000,41100000.000,40700000.000,40000000.000,38800000.000,38000000.000,45500000.000,34300000.000,34900000.000
PreferredStockDividends,8200000.000,,,,,,,,,,,,,,,,,,,,,,,,
PreferredStockRedemptionPremium,,,,,,,,,,,,,,,,,,8200000.000,,,,,,,
PremiumsEarnedNet,797100000.000,751900000.000,672700000.000,669300000.000,679800000.000,681300000.000,1158200000.000,700100000.000,694700000.000,737200000.000,703000000.000,1019200000.000,803600000.000,835400000.000,875800000.000,1208100000.000,916400000.000,1682400000.000,1557100000.000,1154400000.000,1282400000.000,1276000000.000,1002700000.000,1738000000.000,1248000000.000
ProceedsFromDerivativeInstrumentFinancingActivities,,,,,20400000.000,,,,14300000.000,,,,14400000.000,,,,200000.000,,,,,,,,100000.000
ProceedsFromIssuanceOfCommonStock,9100000.000,,,,9100000.000,,,,20300000.000,,,,16100000.000,,,,17900000.000,,,,10000000.000,,,,70800000.000
ProceedsFromIssuanceOfLongTermDebt,600000.000,,,,1000000.000,,,,3500000.000,,,,14000000.000,,,,3100000.000,,,,3200000.000,,,,
ProceedsFromMaturitiesPrepaymentsAndCallsOfAvailableForSaleSecurities,1725600000.000,,,,1612100000.000,,,,1790900000.000,,,,1495900000.000,,,,1694300000.000,,,,1616000000.000,,,,2460800000.000
ProceedsFromPaymentsForOtherFinancingActivities,-900000.000,,,,-1700000.000,,,,-800000.000,,,,-3100000.000,,,,-2100000.000,,,,3200000.000,,,,6400000.000
ProceedsFromPaymentsForTradingSecurities,65300000.000,,,,7000000.000,,,,-122100000.000,,,,-19100000.000,,,,-8500000.000,,,,-11900000.000,,,,109000000.000
ProceedsFromRepaymentsOfShortTermDebt,200000.000,,,,-7500000.000,,,,,,,,-300000.000,,,,-100000.000,,,,-59900000.000,,,,7600000.000
ProceedsFromSaleAndCollectionOfLoansHeldforsale,15900000.000,,,,24000000.000,,,,,,,,300000.000,,,,,,,,,,,,
ProceedsFromSaleAndCollectionOfMortgageNotesReceivable,323700000.000,,,,361400000.000,,,,555800000.000,,,,335100000.000,,,,408900000.000,,,,479300000.000,,,,329300000.000
ProceedsFromSaleOfAvailableForSaleSecurities,536400000.000,,,,428500000.000,,,,503100000.000,,,,475300000.000,,,,567500000.000,,,,205500000.000,,,,333700000.000
ProceedsFromSaleOfRealEstateHeldforinvestment,,,,,,,,,,,,,,,,,,,,,,,,,47100000.000
ProceedsFromSaleOfWhollyOwnedRealEstateAndRealEstateAcquiredInSettlementOfLoans,76900000.000,,,,1200000.000,,,,10200000.000,,,,104300000.000,,,,49200000.000,,,,100000.000,,,,400000.000
ProfitLoss,223100000.000,289900000.000,66300000.000,171900000.000,218900000.000,184100000.000,191300000.000,230400000.000,190000000.000,236600000.000,259100000.000,250400000.000,324100000.000,319200000.000,252800000.000,280300000.000,429100000.000,264900000.000,300900000.000,258300000.000,369200000.000,327000000.000,327400000.000,338200000.000,353600000.000
ProvisionForLoanLeaseAndOtherLosses,,,,,,-10000000.000,-22900000.000,,-6500000.000,-10800000.000,-2000000.000,4400000.000,1600000.000,-400000.000,-7900000.000,-100000.000,-2800000.000,-1200000.000,-1000000.000,1100000.000,2300000.000,200000.000,1300000.000,400000.000,600000.000
RepaymentsOfLongTermDebt,1700000.000,,,,800000.000,,,,400000.000,,,,100100000.000,,,,19800000.000,,,,,,,,
Revenues,2219800000.000,2342000000.000,2088800000.000,2059000000.000,2095900000.000,2118600000.000,2704700000.000,2295900000.000,2166700000.000,2210600000.000,2239600000.000,2672600000.000,2478600000.000,2606700000.000,2484300000.000,2908000000.000,2657300000.000,3259200000.000,3240900000.000,2807000000.000,3036600000.000,3025700000.000,2818000000.000,3513800000.000,3049400000.000
SalesRevenueNet,1359900000.000,1468200000.000,1273500000.000,1232200000.000,1271100000.000,1317600000.000,1920900000.000,1450600000.000,1377400000.000,1460900000.000,1455100000.000,1857700000.000,1633900000.000,1777700000.000,1713900000.000,2094200000.000,1933400000.000,2469300000.000,2487400000.000,2022200000.000,2274900000.000,2226500000.000,1961900000.000,2634300000.000,2172000000.000
SegmentReportingInformationRevenue,2046700000.000,2149000000.000,2026300000.000,,2107400000.000,2136300000.000,2638600000.000,2293100000.000,2238300000.000,2311700000.000,2315800000.000,2741600000.000,,,,,,,,,,,,,
ShareBasedCompensation,9200000.000,,,,25100000.000,,,,19400000.000,,,,21600000.000,,,,31800000.000,,,,22300000.000,,,,22100000.000
StockIssuedDuringPeriodValueNewIssues,9100000.000,,,,9100000.000,,,,20300000.000,,,,16100000.000,,,,17900000.000,,,,10000000.000,,,,70800000.000
SupplementalInformationForPropertyCasualtyInsuranceUnderwritersCurrentYearClaimsAndClaimsAdjustmentExpense,,,,,,,,,,,,,,,,,,,,,,,,,301000000.000
SupplementalInformationForPropertyCasualtyInsuranceUnderwritersPriorYearClaimsAndClaimsAdjustmentExpense,,,,,,,,,,,,,,,,,,,,,,,,,11300000.000
TemporaryEquityAccretionToRedemptionValueAdjustment,,,,,,,,,,,,,9700000.000,-300000.000,10300000.000,0.000,,,,,,,,,
TreasuryStockValueAcquiredCostMethod,5900000.000,,,,64200000.000,,,,90900000.000,,,,89000000.000,,,,75400000.000,,,,105600000.000,,,,142800000.000
UnrecognizedTaxBenefitsDecreasesResultingFromCurrentPeriodTaxPositions,,,,,,,,,,,,,,,,,2200000.000,,,,,,,,
UnrecognizedTaxBenefitsDecreasesResultingFromPriorPeriodTaxPositions,,,,,,,,,,,,,,,,,2600000.000,,,,,,,,
UnrecognizedTaxBenefitsIncreasesResultingFromCurrentPeriodTaxPositions,,,,,,,,,,,,,,,,,3700000.000,,,,,,,,
UnrecognizedTaxBenefitsIncreasesResultingFromPriorPeriodTaxPositions,,,,,,,,,,,,,,,,,45200000.000,,,,,,,,
WeightedAverageNumberOfDilutedSharesOutstanding,324700000.000,323200000.000,314800000.000,-645100000.000,304700000.000,301900000.000,297500000.000,-603700000.000,297100000.000,297200000.000,298600000.000,-594700000.000,299500000.000,298300000.000,298200000.000,-597300000.000,298500000.000,298400000.000,298500000.000,-597400000.000,294300000.000,292600000.000,291400000.000,-585600000.000,292400000.000
WeightedAverageNumberOfSharesOutstandingBasic,321300000.000,320000000.000,311900000.000,-638700000.000,301800000.000,299400000.000,294700000.000,-598400000.000,294100000.000,294100000.000,294900000.000,-588500000.000,295800000.000,294700000.000,294200000.000,-590000000.000,294800000.000,295000000.000,295000000.000,-590400000.000,291500000.000,289900000.000,288100000.000,-580100000.000,288300000.000
WithdrawalFromContractHoldersFunds,2674200000.000,,,,2885900000.000,,,,2852000000.000,,,,1751500000.000,,,,1871900000.000,,,,3166300000.000,,,,2303900000.000
