,2011-04-01,2011-09-30,2011-12-30,2012-03-30,2012-06-29,2012-09-28,2012-12-28,2013-03-29,2013-06-28,2013-09-27,2013-12-27,2014-03-28,2014-06-27,2015-01-02,2015-04-03,2015-10-02,2016-01-01,2016-04-01,2016-07-01,2016-09-30,2016-12-30,2017-03-31
AdjustmentsRelatedToTaxWithholdingForShareBasedCompensation,,,,,,,,,,,,,,,,53000000.000,,,,23000000.000,,
AdjustmentsToAdditionalPaidInCapitalSharebasedCompensationRequisiteServicePeriodRecognitionValue,,12000000.000,,,,17000000.000,,,,27000000.000,,,,,,,,,,,,
AdjustmentsToAdditionalPaidInCapitalTaxEffectFromShareBasedCompensation,,1000000.000,,,,0.000,,,,,,,,,,,,,,,,
AllocatedShareBasedCompensationExpense,,,14000000.000,12000000.000,,,,,,,,,,,,,,,,,,
AmortizationOfIntangibleAssets,,,2000000.000,18000000.000,,19000000.000,20000000.000,37000000.000,71000000.000,37000000.000,39000000.000,26000000.000,29000000.000,39000000.000,40000000.000,41000000.000,46000000.000,44000000.000,43000000.000,42000000.000,42000000.000,42000000.000
AntidilutiveSecuritiesExcludedFromComputationOfEarningsPerShareAmount,,,,,,,,,,,,,,,,,2000000.000,4000000.000,,3000000.000,1000000.000,1000000.000
CashAndCashEquivalentsPeriodIncreaseDecrease,,-203000000.000,,,,187000000.000,,,,216000000.000,,,,,,-564000000.000,,,,364000000.000,,
CommonStockDividendsPerShareDeclared,,0.180,0.180,0.250,0.250,0.320,0.700,0.000,0.380,0.380,0.430,0.430,0.430,0.540,0.540,0.540,0.630,0.630,0.630,0.630,0.630,0.630
ComprehensiveIncomeNetOfTax,,126000000.000,,,,608000000.000,492000000.000,405000000.000,328000000.000,434000000.000,427000000.000,400000000.000,320000000.000,923000000.000,283000000.000,,,,,168000000.000,288000000.000,200000000.000
ComprehensiveIncomeNetOfTaxAttributableToNoncontrollingInterest,,,,,,1000000.000,0.000,0.000,0.000,0.000,0.000,0.000,0.000,0.000,0.000,,,,,,,
ComprehensiveIncomeNetOfTaxIncludingPortionAttributableToNoncontrollingInterest,,,,,,609000000.000,492000000.000,405000000.000,328000000.000,434000000.000,427000000.000,400000000.000,320000000.000,923000000.000,283000000.000,34000000.000,163000000.000,-17000000.000,73000000.000,,,
CostOfGoodsAndServicesSold,2179000000.000,2262000000.000,2185000000.000,2809000000.000,2999000000.000,2671000000.000,2676000000.000,2578000000.000,2486000000.000,2514000000.000,2541000000.000,2447000000.000,2376000000.000,2669000000.000,2375000000.000,2236000000.000,2245000000.000,2071000000.000,1993000000.000,1996000000.000,2003000000.000,1858000000.000
CostmethodInvestmentsRealizedGainLossExcludingOtherThanTemporaryImpairments,,,,12000000.000,,33000000.000,,,,,,,,,,,,,,,,
CostsAndExpenses,2516000000.000,2575000000.000,2590000000.000,3240000000.000,3426000000.000,3108000000.000,3113000000.000,3061000000.000,2978000000.000,3011000000.000,3084000000.000,2962000000.000,2891000000.000,2643000000.000,2987000000.000,2839000000.000,2757000000.000,2568000000.000,2551000000.000,2576000000.000,2524000000.000,2408000000.000
DeferredIncomeTaxExpenseBenefit,,,,,,-5000000.000,,,,-1000000.000,,,,,,0.000,,,,1000000.000,,
DepreciationDepletionAndAmortization,,182000000.000,,,,212000000.000,,,,228000000.000,,,,,,208000000.000,,,,200000000.000,,
DividendsCommonStockCash,,75000000.000,,,,127000000.000,,,,135000000.000,,,,,,,,,,,,
EarningsPerShareBasic,0.210,0.330,1.320,2.570,2.500,1.480,1.330,1.160,1.000,1.200,1.270,1.210,0.980,2.840,0.900,0.110,0.550,-0.070,0.240,0.560,1.000,0.660
EarningsPerShareDiluted,0.210,0.320,1.280,2.480,2.410,1.420,1.300,1.130,0.960,1.160,1.240,1.170,0.950,2.780,0.880,0.110,0.550,-0.070,0.230,0.550,1.000,0.650
EffectOfExchangeRateOnCashAndCashEquivalents,,,,,,1000000.000,,,,2000000.000,,,,,,-1000000.000,,,,0.000,,
EffectiveIncomeTaxRateReconciliationAtFederalStatutoryIncomeTaxRate,0.250,0.250,0.250,0.250,-0.500,,0.250,0.250,,0.250,0.250,0.250,-0.500,,,0.250,,,,0.250,,
FiniteLivedIntangibleAssetsAmortizationExpense,,,5000000.000,35000000.000,,36000000.000,37000000.000,,,,,,,,,,,,,,,
FiniteLivedIntangibleAssetsFutureAmortizationExpense,,,,,,473000000.000,436000000.000,,,,,,,,,,,,,,,
FutureAmortizationExpenseRemainderOfFiscalYear,,,,,,111000000.000,146000000.000,,,,,,,,,,,,,,,
GainLossOnInvestmentsExcludingOtherThanTemporaryImpairments,,,,,,,,,,0.000,,,,,,,,,,,,
GainLossOnSaleOfPropertyPlantEquipment,,10000000.000,,,,6000000.000,,,,2000000.000,,,,,,,,,,,,
GainsLossesOnExtinguishmentOfDebt,,-5000000.000,,,,0.000,,,,,,,,,,0.000,,,,,,
GoodwillAcquiredDuringPeriod,,,,,,12000000.000,,,,,,,,,,0.000,,,,0.000,,
GoodwillForeignCurrencyTranslationGainLoss,,,,,,,,,,,,,,,,,,,,0.000,,
GoodwillPurchaseAccountingAdjustments,,,,-4000000.000,,,,,,,,,,,,,,,,,,
GoodwillTranslationAdjustments,,,,,,,,,,1000000.000,,,,,,0.000,,,,,,
IncomeLossFromContinuingOperationsBeforeIncomeTaxesExtraordinaryItemsNoncontrollingInterest,,,,,,,,,,,,,,,,,,,,173000000.000,310000000.000,212000000.000
IncomeLossFromContinuingOperationsBeforeIncomeTaxesMinorityInterestAndIncomeLossFromEquityMethodInvestments,122000000.000,152000000.000,558000000.000,1159000000.000,1013000000.000,600000000.000,499000000.000,430000000.000,302000000.000,440000000.000,442000000.000,390000000.000,284000000.000,1126000000.000,304000000.000,31000000.000,180000000.000,9000000.000,54000000.000,,,
IncomeTaxExpenseBenefit,29000000.000,12000000.000,-5000000.000,13000000.000,0.000,18000000.000,7000000.000,14000000.000,-46000000.000,13000000.000,14000000.000,-5000000.000,-36000000.000,193000000.000,13000000.000,-3000000.000,15000000.000,30000000.000,-16000000.000,6000000.000,13000000.000,18000000.000
IncreaseDecreaseInAccountsPayable,,-298000000.000,,,,-373000000.000,,,,47000000.000,,,,,,426000000.000,,,,101000000.000,,
IncreaseDecreaseInAccountsReceivable,,-49000000.000,,,,-648000000.000,,,,-49000000.000,,,,,,-213000000.000,,,,-12000000.000,,
IncreaseDecreaseInEmployeeRelatedLiabilities,,-57000000.000,,,,-132000000.000,,,,-115000000.000,,,,,,-60000000.000,,,,32000000.000,,
IncreaseDecreaseInInventories,,-47000000.000,,,,-110000000.000,,,,17000000.000,,,,,,105000000.000,,,,46000000.000,,
IncreaseDecreaseInOtherAccruedLiabilities,,,,,,,,,,,,,,,,63000000.000,,,,89000000.000,,
IncreaseDecreaseInOtherOperatingCapitalNet,,-68000000.000,,,,-169000000.000,,,,2000000.000,,,,,,14000000.000,,,,-3000000.000,,
IncreaseDecreaseInOtherReceivables,,,,,,,,,,,,,,,,-16000000.000,,,,,,
IncreaseDecreaseInRestrictedCash,,,,,,,,,,0.000,,,,,,,,,,,,
IncreaseDecreaseInRestrictedCashAndInvestments,,-14000000.000,,,,6000000.000,,,,,,,,,,,,,,,,
IncrementalCommonSharesAttributableToShareBasedPaymentArrangements,16000000.000,12000000.000,12000000.000,17000000.000,-26000000.000,15000000.000,10000000.000,11000000.000,-24000000.000,11000000.000,10000000.000,11000000.000,-22000000.000,8000000.000,7000000.000,6000000.000,2000000.000,0.000,-5000000.000,2000000.000,2000000.000,4000000.000
InterestExpense,59000000.000,69000000.000,58000000.000,59000000.000,55000000.000,55000000.000,55000000.000,53000000.000,51000000.000,44000000.000,49000000.000,52000000.000,50000000.000,50000000.000,48000000.000,47000000.000,48000000.000,47000000.000,51000000.000,50000000.000,50000000.000,60000000.000
InvestmentIncomeInterest,2000000.000,1000000.000,2000000.000,2000000.000,3000000.000,2000000.000,2000000.000,2000000.000,2000000.000,5000000.000,1000000.000,1000000.000,1000000.000,1000000.000,1000000.000,1000000.000,1000000.000,1000000.000,0.000,1000000.000,1000000.000,5000000.000
MinorityInterestDecreaseFromRedemptions,,,,,,21000000.000,,,,0.000,,,,,,,,,,,,
NetCashProvidedByUsedInFinancingActivities,,-214000000.000,,,,-681000000.000,,,,-282000000.000,,,,,,-1178000000.000,,,,-89000000.000,,
NetCashProvidedByUsedInFinancingActivitiesContinuingOperations,,-214000000.000,,,,-681000000.000,,,,-282000000.000,,,,,,-1178000000.000,,,,-89000000.000,,
NetCashProvidedByUsedInInvestingActivities,,-149000000.000,,,,-265000000.000,,,,-186000000.000,,,,,,-209000000.000,,,,-139000000.000,,
NetCashProvidedByUsedInInvestingActivitiesContinuingOperations,,-149000000.000,,,,-265000000.000,,,,-186000000.000,,,,,,-209000000.000,,,,-139000000.000,,
NetCashProvidedByUsedInOperatingActivities,,160000000.000,,,,1132000000.000,,,,682000000.000,,,,,,824000000.000,,,,592000000.000,,
NetCashProvidedByUsedInOperatingActivitiesContinuingOperations,,160000000.000,,,,1132000000.000,,,,682000000.000,,,,,,824000000.000,,,,592000000.000,,
NetIncomeLoss,93000000.000,140000000.000,563000000.000,1146000000.000,1013000000.000,582000000.000,492000000.000,416000000.000,348000000.000,427000000.000,428000000.000,395000000.000,320000000.000,933000000.000,291000000.000,34000000.000,165000000.000,-21000000.000,70000000.000,167000000.000,297000000.000,194000000.000
NetIncomeLossAttributableToNoncontrollingInterest,,,,,,0.000,0.000,0.000,0.000,0.000,0.000,0.000,0.000,0.000,0.000,,,,,,,
NetIncomeLossAvailableToCommonStockholdersBasic,93000000.000,,,,,,,,,,,,,,,,,,,,,
NoncontrollingInterestIncreaseFromBusinessCombination,,,,,,72000000.000,,,,,,,,,,,,,,,,
NonoperatingIncomeExpense,-57000000.000,-84000000.000,-47000000.000,-51000000.000,-44000000.000,-24000000.000,-56000000.000,-35000000.000,-145000000.000,-38000000.000,-2000000.000,-54000000.000,-126000000.000,73000000.000,-39000000.000,-55000000.000,-49000000.000,-18000000.000,-49000000.000,-48000000.000,-60000000.000,-54000000.000
OperatingIncomeLoss,179000000.000,236000000.000,605000000.000,1210000000.000,1057000000.000,624000000.000,555000000.000,465000000.000,447000000.000,478000000.000,444000000.000,444000000.000,410000000.000,1053000000.000,343000000.000,86000000.000,229000000.000,27000000.000,103000000.000,221000000.000,370000000.000,266000000.000
OtherComprehensiveIncomeAvailableForSaleSecuritiesAdjustmentNetOfTaxPeriodIncreaseDecrease,,-1000000.000,,,,26000000.000,-2000000.000,,,,,,,,,,,,,,,
OtherComprehensiveIncomeDefinedBenefitPlansAdjustmentNetOfTaxPeriodIncreaseDecrease,,1000000.000,,,,0.000,0.000,,,,,,,,,,,,,,,
OtherComprehensiveIncomeDefinedBenefitPlansNetUnamortizedGainLossArisingDuringPeriodNetOfTax,,,,,,0.000,0.000,0.000,-3000000.000,0.000,1000000.000,0.000,0.000,0.000,0.000,1000000.000,0.000,0.000,7000000.000,0.000,0.000,0.000
OtherComprehensiveIncomeDerivativesQualifyingAsHedgesNetOfTaxPeriodIncreaseDecrease,,-14000000.000,,,,0.000,0.000,,,,,,,,,,,,,,,
OtherComprehensiveIncomeForeignCurrencyTransactionAndTranslationAdjustmentNetOfTaxPeriodIncreaseDecrease,,,,,,1000000.000,2000000.000,,,,,,,,,,,,,,,
OtherComprehensiveIncomeForeignCurrencyTransactionAndTranslationGainLossArisingDuringPeriodNetOfTax,,,,,,,,,,5000000.000,0.000,,,,,0.000,,,,,,
OtherComprehensiveIncomeLossAvailableForSaleSecuritiesAdjustmentNetOfTax,,,,,,,,-8000000.000,,1000000.000,0.000,0.000,2000000.000,0.000,0.000,0.000,0.000,0.000,0.000,0.000,0.000,0.000
OtherComprehensiveIncomeLossBeforeReclassificationsNetOfTax,,,,,,,,,,,,,,,,-1000000.000,,,,,,
OtherComprehensiveIncomeLossDerivativesQualifyingAsHedgesNetOfTax,,,,,,,,0.000,,1000000.000,-2000000.000,1000000.000,-1000000.000,-4000000.000,4000000.000,-1000000.000,1000000.000,-1000000.000,-1000000.000,0.000,-2000000.000,2000000.000
OtherComprehensiveIncomeLossForeignCurrencyTransactionAndTranslationAdjustmentNetOfTax,,,,,,,,-3000000.000,,5000000.000,,4000000.000,,-6000000.000,-12000000.000,0.000,-3000000.000,5000000.000,-3000000.000,1000000.000,-7000000.000,3000000.000
OtherComprehensiveIncomeLossForeignCurrencyTransactionAndTranslationReclassificationAdjustmentFromAOCIRealizedUponSaleOrLiquidationNetOfTax,,,,,,,,,,,,,,,,0.000,,,,,,
OtherComprehensiveIncomeLossNetOfTax,,,,,,,,-11000000.000,,7000000.000,-1000000.000,5000000.000,0.000,-10000000.000,-8000000.000,0.000,-2000000.000,4000000.000,3000000.000,,,
OtherComprehensiveIncomeLossNetOfTaxPeriodIncreaseDecrease,,,,,,27000000.000,0.000,,,,,,,,,,,,,,,
OtherComprehensiveIncomeLossNetOfTaxPortionAttributableToParent,,,,,,,,,,,,,,,,,,,,1000000.000,-9000000.000,6000000.000
OtherComprehensiveIncomeLossPensionAndOtherPostretirementBenefitPlansAdjustmentNetOfTax,,,,,,,,0.000,,0.000,-1000000.000,0.000,0.000,0.000,0.000,-1000000.000,0.000,0.000,-7000000.000,0.000,0.000,-1000000.000
OtherComprehensiveIncomeLossReclassificationAdjustmentForSaleOfSecuritiesIncludedInNetIncomeNetOfTax,,,,,,,,-19000000.000,,0.000,0.000,,,,,,,,,,,
OtherComprehensiveIncomeLossReclassificationAdjustmentFromAOCIForSaleOfSecuritiesNetOfTax,,,,,,,,,,,,0.000,,0.000,0.000,0.000,0.000,0.000,0.000,0.000,0.000,0.000
OtherComprehensiveIncomeLossReclassificationAdjustmentFromAOCIOnDerivativesNetOfTax,,,,,,,,,,,,0.000,,-2000000.000,-7000000.000,-1000000.000,-1000000.000,0.000,0.000,-1000000.000,0.000,-1000000.000
OtherComprehensiveIncomeLossReclassificationAdjustmentFromAOCIPensionAndOtherPostretirementBenefitPlansForNetGainLossNetOfTax,,,,,,,,,,,,0.000,,0.000,0.000,0.000,0.000,0.000,0.000,0.000,0.000,-1000000.000
OtherComprehensiveIncomeLossReclassificationAdjustmentOnDerivativesIncludedInNetIncomeNetOfTax,,,,,,,,0.000,,0.000,0.000,,,,,,,,,,,
OtherComprehensiveIncomeReclassificationAdjustmentForSaleOfSecuritiesIncludedInNetIncomeNetOfTax,,,,,,1000000.000,-2000000.000,,,,,,,,,,,,,,,
OtherComprehensiveIncomeReclassificationAdjustmentOnDerivativesIncludedInNetIncomeNetOfTax,,,,,,0.000,0.000,,,,,,,,,,,,,,,
OtherComprehensiveIncomeReclassificationOfDefinedBenefitPlansNetGainLossRecognizedInNetPeriodicBenefitCostNetOfTax,,,,,,0.000,0.000,0.000,0.000,0.000,0.000,,,,,,,,,,,
OtherComprehensiveIncomeUnrealizedGainLossOnDerivativesArisingDuringPeriodNetOfTax,,,,,,0.000,0.000,0.000,0.000,,-2000000.000,1000000.000,,-6000000.000,-3000000.000,-2000000.000,0.000,-1000000.000,-1000000.000,-1000000.000,-2000000.000,1000000.000
OtherComprehensiveIncomeUnrealizedGainLossOnDerivativesArisingDuringPeriodTax,,,,,,,,,,-1000000.000,,,,,,,,,,,,
OtherComprehensiveIncomeUnrealizedHoldingGainLossOnSecuritiesArisingDuringPeriodNetOfTax,,,,,,27000000.000,-4000000.000,11000000.000,-13000000.000,1000000.000,0.000,0.000,0.000,0.000,0.000,0.000,0.000,0.000,0.000,0.000,0.000,0.000
OtherNoncashIncomeExpense,,-10000000.000,,,,0.000,,,,-4000000.000,,,,,,-10000000.000,,,,7000000.000,,
OtherNonoperatingIncomeExpense,,-16000000.000,9000000.000,6000000.000,8000000.000,29000000.000,-3000000.000,16000000.000,-96000000.000,1000000.000,46000000.000,-3000000.000,-77000000.000,122000000.000,8000000.000,-9000000.000,-2000000.000,28000000.000,2000000.000,1000000.000,-11000000.000,1000000.000
OtherThanTemporaryImpairmentLossesInvestmentsAvailableforsaleSecurities,,,,,,,,,,,,,,,,,,,,0.000,,
PaymentsForProceedsFromOtherInvestingActivities,,,,,,,,,,19000000.000,,,,,,0.000,,,,,,
PaymentsForRepurchaseOfCommonStock,,128000000.000,,,,639000000.000,,,,182000000.000,,,,,,983000000.000,,,,101000000.000,,
PaymentsOfDividendsCommonStock,,78000000.000,,,,127000000.000,,,,135000000.000,,,,,,163000000.000,,,,0.000,,
PaymentsRelatedToTaxWithholdingForShareBasedCompensation,,,,,,,,,,,,,,,,53000000.000,,,,23000000.000,,
PaymentsToAcquireAvailableForSaleSecurities,,254000000.000,,,,74000000.000,,,,87000000.000,,,,,,0.000,,,,,,
PaymentsToAcquireBusinessesNetOfCashAcquired,,,,,,36000000.000,,,,0.000,,,,,,0.000,,,,,,
PaymentsToAcquirePropertyPlantAndEquipment,,218000000.000,,,,263000000.000,,,,161000000.000,,,,,,209000000.000,,,,140000000.000,,
ProceedsFromIssuanceOfSharesUnderIncentiveAndShareBasedCompensationPlansIncludingStockOptions,,26000000.000,,,,157000000.000,,,,39000000.000,,,,,,40000000.000,,,,35000000.000,,
ProceedsFromMaturitiesPrepaymentsAndCallsOfAvailableForSaleSecurities,,87000000.000,,,,5000000.000,,,,32000000.000,,,,,,0.000,,,,1000000.000,,
ProceedsFromPaymentsForOtherFinancingActivities,,,,,,,,,,-4000000.000,,,,,,-4000000.000,,,,0.000,,
ProceedsFromSaleOfAvailableForSaleSecuritiesDebt,,214000000.000,,,,64000000.000,,,,49000000.000,,,,,,,,,,,,
ProceedsFromSaleOfOtherAssets,,,,,,,,,,0.000,,,,,,,,,,,,
ProceedsFromSaleOfOtherInvestments,,,,,,41000000.000,,,,,,,,,,,,,,,,
ProceedsFromSaleOfProductiveAssets,,8000000.000,,,,4000000.000,,,,0.000,,,,,,,,,,,,
ProductWarrantyAccrualAdditionsFromBusinessAcquisition,,,69000000.000,3000000.000,,3000000.000,0.000,0.000,0.000,0.000,0.000,0.000,3000000.000,0.000,0.000,0.000,2000000.000,0.000,,,0.000,0.000
ProductWarrantyAccrualPayments,53000000.000,58000000.000,67000000.000,87000000.000,72000000.000,84000000.000,-67000000.000,-59000000.000,318000000.000,58000000.000,61000000.000,55000000.000,54000000.000,46000000.000,45000000.000,41000000.000,40000000.000,37000000.000,,30000000.000,29000000.000,28000000.000
ProductWarrantyAccrualPreexistingIncreaseDecrease,-7000000.000,1000000.000,23000000.000,17000000.000,17000000.000,7000000.000,10000000.000,4000000.000,16000000.000,8000000.000,-5000000.000,-2000000.000,0.000,15000000.000,0.000,-15000000.000,3000000.000,-11000000.000,,9000000.000,1000000.000,-3000000.000
ProductWarrantyAccrualWarrantiesIssued,54000000.000,43000000.000,42000000.000,41000000.000,43000000.000,48000000.000,50000000.000,47000000.000,48000000.000,48000000.000,48000000.000,43000000.000,38000000.000,40000000.000,36000000.000,33000000.000,33000000.000,30000000.000,,31000000.000,34000000.000,32000000.000
ProfitLoss,,,,,,582000000.000,492000000.000,416000000.000,348000000.000,427000000.000,428000000.000,395000000.000,320000000.000,933000000.000,291000000.000,34000000.000,165000000.000,-21000000.000,70000000.000,,,
ReclassificationFromAccumulatedOtherComprehensiveIncomeCurrentPeriodNetOfTax,,,,,,,,,,,,,,,,-1000000.000,,,,,,
RepaymentsOfLongTermDebtAndCapitalSecurities,,34000000.000,,,,0.000,,,,,,,,,,15000000.000,,,,0.000,,
ResearchAndDevelopmentExpense,224000000.000,208000000.000,259000000.000,270000000.000,269000000.000,268000000.000,277000000.000,294000000.000,294000000.000,294000000.000,312000000.000,297000000.000,323000000.000,341000000.000,346000000.000,328000000.000,304000000.000,298000000.000,307000000.000,315000000.000,305000000.000,324000000.000
RestructuringAndRelatedCostNumberOfPositionsEliminated,,,,,,,,,,,,,,,,1000.000,1000.000,,,,,
RestructuringCharges,3000000.000,,3000000.000,1000000.000,,0.000,1000000.000,1000000.000,0.000,2000000.000,16000000.000,2000000.000,4000000.000,3000000.000,14000000.000,59000000.000,17000000.000,20000000.000,79000000.000,82000000.000,33000000.000,48000000.000
RestructuringReserveAccrualAdjustment,-1000000.000,,,,,,,,,,,,,,,,,,,,,
RestructuringReservePeriodExpense,4000000.000,,,,,,,,,,,,,,,,,,,,,
RestructuringReserveSettledWithCash,24000000.000,,,,,,,,,,,,,,,,,,,,,
Revenues,2695000000.000,2811000000.000,3195000000.000,4450000000.000,4483000000.000,3732000000.000,3668000000.000,3526000000.000,3425000000.000,3489000000.000,3528000000.000,3406000000.000,3301000000.000,3696000000.000,3330000000.000,2925000000.000,2986000000.000,2595000000.000,2654000000.000,2797000000.000,2894000000.000,2674000000.000
SalesRevenueNet,2695000000.000,2811000000.000,3195000000.000,4450000000.000,4483000000.000,3732000000.000,3668000000.000,3526000000.000,3425000000.000,3489000000.000,3528000000.000,3406000000.000,3301000000.000,3696000000.000,3330000000.000,2925000000.000,2986000000.000,2595000000.000,2654000000.000,2797000000.000,2894000000.000,2674000000.000
SellingGeneralAndAdministrativeExpense,110000000.000,105000000.000,141000000.000,142000000.000,140000000.000,150000000.000,139000000.000,168000000.000,178000000.000,181000000.000,190000000.000,190000000.000,161000000.000,218000000.000,219000000.000,182000000.000,160000000.000,150000000.000,143000000.000,155000000.000,155000000.000,150000000.000
ShareBasedCompensation,12000000.000,12000000.000,,,,17000000.000,19000000.000,20000000.000,20000000.000,27000000.000,30000000.000,30000000.000,31000000.000,31000000.000,33000000.000,33000000.000,32000000.000,30000000.000,25000000.000,40000000.000,33000000.000,37000000.000
SharesPaidForTaxWithholdingForShareBasedCompensation,,,,,,,,,,,,,,,,1000000.000,,,,1000000.000,,
StockIssuedDuringPeriodSharesEmployeeStockPurchasePlans,,1500000.000,45200000.000,,,,,,,,,,,,,,,,,,,
StockIssuedDuringPeriodSharesStockOptionsExercised,,2800000.000,3700000.000,,,,,,,,,,,,,,,,,,,
StockIssuedDuringPeriodValueShareBasedCompensation,,26000000.000,,,,157000000.000,,,,39000000.000,,,,,,,,,,,,
StockRepurchaseProgramRemainingAuthorizedRepurchaseAmount,,,,,,,,900000000.000,,3200000000.000,,,,,,,,,,,,
StockRepurchasedAndRetiredDuringPeriodShares,,,,,,20000000.000,30000000.000,3000000.000,1000000.000,4000000.000,33000000.000,4000000.000,0.000,300000.000,12000000.000,21000000.000,,,,4000000.000,,
StockRepurchasedAndRetiredDuringPeriodValue,,,,,,,,102000000.000,,,,184000000.000,,18000000.000,706000000.000,1036000000.000,,,,124000000.000,,
StockRepurchasedDuringPeriodShares,,,,,,,,,,,,,,,,20000000.000,,,,3000000.000,,0.000
StockRepurchasedDuringPeriodValue,,,,,,,,,,,,,,,,983000000.000,,,,101000000.000,,
TaxAdjustmentsSettlementsAndUnusualProvisions,15000000.000,-2000000.000,,,,7000000.000,-6000000.000,4000000.000,,3000000.000,4000000.000,-14000000.000,,,,-4000000.000,,,,-5000000.000,1000000.000,8000000.000
UnrecognizedTaxBenefitsPeriodIncreaseDecrease,,,,,,11000000.000,,,,6000000.000,,,,,,-4000000.000,,,,-2000000.000,,
ValuationAllowanceDeferredTaxAssetChangeInAmount,,,7000000.000,,,,,,,,,,,,,,,,,,,
WeightedAverageNumberDilutedSharesOutstandingAdjustment,16000000.000,12000000.000,12000000.000,17000000.000,-26000000.000,,,,,,,,,,,,,,,,,
WeightedAverageNumberOfDilutedSharesOutstanding,453000000.000,433000000.000,439000000.000,463000000.000,-894000000.000,409000000.000,379000000.000,369000000.000,-775000000.000,368000000.000,346000000.000,338000000.000,-705000000.000,336000000.000,330000000.000,308000000.000,301000000.000,298000000.000,-605000000.000,301000000.000,298000000.000,300000000.000
WeightedAverageNumberOfSharesIssuedBasic,437000000.000,421000000.000,,,,,,,,,,,,,,,,,,,,
WeightedAverageNumberOfSharesOutstandingBasic,437000000.000,421000000.000,427000000.000,446000000.000,-868000000.000,394000000.000,369000000.000,358000000.000,-751000000.000,357000000.000,336000000.000,327000000.000,-683000000.000,328000000.000,323000000.000,302000000.000,299000000.000,298000000.000,-600000000.000,299000000.000,296000000.000,296000000.000
