,2011-03-31,2011-06-30,2011-09-30,2011-12-31,2012-03-31,2012-06-30,2012-09-30,2012-12-31,2013-03-31,2013-06-30,2013-09-30,2013-12-31,2014-03-31,2014-06-30,2014-09-30,2014-12-31,2015-03-31,2015-06-30,2015-09-30,2015-12-31,2016-03-31,2016-06-30,2016-09-30,2016-12-31,2017-03-31
AdjustmentsNoncashItemsToReconcileNetIncomeLossToCashProvidedByUsedInOperatingActivitiesOther,1606000.000,,,,,,,,,,,,,,,,,,,,,,,,
AdjustmentsRelatedToTaxWithholdingForShareBasedCompensation,,,,,,,,,,,,,,,,,,,,,1412000.000,,,,5582000.000
AdjustmentsToAdditionalPaidInCapitalOther,,,,,,,,,,,,,,,,,,,,,-2000.000,,,,4000.000
AdjustmentsToAdditionalPaidInCapitalShareBasedCompensationEmployeeStockPurchaseProgramRequisiteServicePeriodRecognition,,,,,,,,,,,,,,,,,5149000.000,,,,9602000.000,,,,10363000.000
AdjustmentsToAdditionalPaidInCapitalSharebasedCompensationRequisiteServicePeriodRecognitionValue,,,,,3874000.000,,,,4123000.000,,,,,,,,,,,,,,,,
AdjustmentsToAdditionalPaidInCapitalTaxEffectFromShareBasedCompensation,,,,,104000.000,,,,-422000.000,,,,17000.000,,,,-126000.000,,,,,,,,
AllocatedShareBasedCompensationExpense,,6181000.000,4286000.000,,3874000.000,4368000.000,3626000.000,3797000.000,4123000.000,4677000.000,5662000.000,6748000.000,5704000.000,-1122000.000,3169000.000,4701000.000,5149000.000,7130000.000,7317000.000,6795000.000,9602000.000,11004000.000,10509000.000,10681000.000,10363000.000
AllocatedShareBasedCompensationExpenseNetOfTax,,4877000.000,3612000.000,,3333000.000,3494000.000,3090000.000,3088000.000,3261000.000,4181000.000,4151000.000,5427000.000,3926000.000,-467000.000,2291000.000,3811000.000,2776000.000,4601000.000,6845000.000,3354000.000,9602000.000,,,,10856000.000
AmortizationOfFinancingCosts,,,1300000.000,,1300000.000,1300000.000,1300000.000,1100000.000,1000000.000,800000.000,400000.000,400000.000,400000.000,300000.000,400000.000,400000.000,400000.000,300000.000,400000.000,0.000,0.000,,,,2100000.000
AmortizationOfFinancingCostsAndDiscounts,,,,,,,,,,,,,,,,,3946000.000,,,,2236000.000,,,,4281000.000
AntidilutiveSecuritiesExcludedFromComputationOfEarningsPerShareAmount,,15700000.000,,,13966000.000,13800000.000,13700000.000,-17551000.000,23668000.000,24097000.000,23920000.000,-46674000.000,25182000.000,23396000.000,21368000.000,-49125000.000,21563000.000,21304000.000,20739000.000,-43145000.000,21028000.000,19254000.000,16123000.000,-38126000.000,16560000.000
BusinessCombinationAcquisitionRelatedCosts,,1400000.000,2900000.000,,1500000.000,3800000.000,800000.000,3600000.000,900000.000,400000.000,500000.000,1300000.000,300000.000,100000.000,300000.000,200000.000,,,200000.000,,,,,,
BusinessCombinationContingentConsiderationArrangementsChangeInAmountOfContingentConsiderationAsset1,,,,,,,,,,,,,3475000.000,,,,3654000.000,,,,143000.000,,,,159000.000
BusinessCombinationProFormaInformationRevenueOfAcquireeSinceAcquisitionDateActual,,,,,,,,,,32500000.000,26600000.000,,23800000.000,11600000.000,5800000.000,,,,,,,,,,
CashAndCashEquivalentsPeriodIncreaseDecrease,-82640000.000,,,,214924000.000,,,,-1113000.000,,,,71118000.000,,,,12734000.000,,,,-11537000.000,,,,34257000.000
CashProvidedByUsedInFinancingActivitiesDiscontinuedOperations,,,,,,,,,,,,,,,,,-76000.000,,,,0.000,,,,
CashProvidedByUsedInInvestingActivitiesDiscontinuedOperations,,,,,,,,,,,,,,,,,-209000.000,,,,0.000,,,,
CashProvidedByUsedInOperatingActivitiesDiscontinuedOperations,,,,,,,,,,,,,,,,,318000.000,,,,0.000,,,,
ComprehensiveIncomeNetOfTax,,14096000.000,182542000.000,,38567000.000,-49981000.000,35585000.000,-48209000.000,-62289000.000,-94898000.000,47471000.000,-11974000.000,-17496000.000,-11921000.000,-182086000.000,54998000.000,127416000.000,66256000.000,-82831000.000,-52132000.000,12268000.000,-78638000.000,30768000.000,-224638000.000,-11053000.000
ComprehensiveIncomeNetOfTaxAttributableToNoncontrollingInterest,,,,,-185000.000,36000.000,286000.000,138000.000,-25000.000,267000.000,359000.000,375000.000,108000.000,62000.000,-306000.000,166000.000,88000.000,359000.000,-61000.000,-5000.000,103000.000,143000.000,207000.000,-103000.000,183000.000
ComprehensiveIncomeNetOfTaxIncludingPortionAttributableToNoncontrollingInterest,,,,,38382000.000,-49945000.000,35871000.000,-48071000.000,-62314000.000,-94631000.000,47830000.000,-11599000.000,-17388000.000,-11859000.000,-182392000.000,55164000.000,127504000.000,66615000.000,-82892000.000,-52137000.000,12371000.000,-78495000.000,30975000.000,-224741000.000,-10870000.000
CostOfGoodsAndServicesSold,274403000.000,-272828000.000,278076000.000,854005000.000,316414000.000,343057000.000,343743000.000,379935000.000,373236000.000,377999000.000,383227000.000,385478000.000,363844000.000,396900000.000,392151000.000,206299000.000,314218000.000,335238000.000,325858000.000,371677000.000,310561000.000,328692000.000,315585000.000,328380000.000,305730000.000
CostOfGoodsSold,189687000.000,-190333000.000,193899000.000,602171000.000,225554000.000,222498000.000,223612000.000,260486000.000,253078000.000,253189000.000,258234000.000,264019000.000,246112000.000,274488000.000,274046000.000,275623000.000,238637000.000,258485000.000,246055000.000,299426000.000,237461000.000,250398000.000,238946000.000,251542000.000,229831000.000
CostOfRevenue,276257000.000,-274457000.000,279807000.000,859085000.000,318058000.000,344909000.000,345641000.000,381895000.000,374992000.000,379498000.000,385236000.000,387977000.000,365383000.000,398025000.000,393387000.000,207991000.000,316168000.000,336582000.000,326995000.000,371027000.000,311952000.000,329227000.000,316226000.000,329063000.000,306490000.000
CostOfServices,84716000.000,82495000.000,84177000.000,86844000.000,90860000.000,120559000.000,120131000.000,119449000.000,120158000.000,124810000.000,124993000.000,121459000.000,117732000.000,122412000.000,118105000.000,-69324000.000,75581000.000,76753000.000,79803000.000,72251000.000,73100000.000,78294000.000,76639000.000,76838000.000,75899000.000
DebtInstrumentPeriodicPayment,,,,,500000.000,,,,,,,,,,,,,,,,,,,,
DeferredIncomeTaxExpenseBenefit,-13238000.000,,,,-13752000.000,,,,-50907000.000,,,,-24636000.000,,,,-20349000.000,,,,-6812000.000,,,,-3377000.000
DefinedBenefitPlanAmortizationOfGainsLosses,,0.000,0.000,,,,,,,,,,,0.000,,,,,,,,,,,
DefinedBenefitPlanAmortizationOfPriorServiceCostCredit,,108000.000,106000.000,,104000.000,104000.000,104000.000,110000.000,103000.000,102000.000,103000.000,108000.000,110000.000,112000.000,111000.000,105000.000,336000.000,339000.000,344000.000,-709000.000,,,,,
DefinedBenefitPlanExpectedReturnOnPlanAssets,,157000.000,156000.000,,152000.000,153000.000,152000.000,179000.000,156000.000,154000.000,156000.000,247000.000,188000.000,192000.000,191000.000,451000.000,235000.000,237000.000,240000.000,471000.000,,,,,
DefinedBenefitPlanInterestCost,,205000.000,203000.000,,198000.000,199000.000,199000.000,146000.000,182000.000,180000.000,182000.000,210000.000,199000.000,203000.000,202000.000,334000.000,229000.000,231000.000,234000.000,90000.000,,,,,
DefinedBenefitPlanNetPeriodicBenefitCost,,156000.000,153000.000,,150000.000,150000.000,151000.000,191000.000,129000.000,128000.000,129000.000,270000.000,121000.000,123000.000,122000.000,255000.000,330000.000,333000.000,338000.000,-758000.000,,,,,
DefinedBenefitPlanServiceCost,,0.000,0.000,,,,,,,,,,0.000,0.000,0.000,0.000,0.000,0.000,0.000,0.000,,,,,
DepreciationAndAmortization,94975000.000,101141000.000,90917000.000,110553000.000,107402000.000,108900000.000,110749000.000,129796000.000,104970000.000,,,,98086000.000,97890000.000,95912000.000,43945000.000,74368000.000,72643000.000,86500000.000,75753000.000,72504000.000,69901000.000,71782000.000,71421000.000,60934000.000
DiscontinuedOperationGainLossOnDisposalOfDiscontinuedOperationNetOfTax,,,,,,,,,,,,,,,7000000.000,,,,,,,,,,
DisposalGroupNotDiscontinuedOperationGainLossOnDisposal,,,,,,,,,,,5900000.000,,,,,,,,,,,,,,
DividendsPreferredStock,,,,,,,,,,,,,,,,,5323000.000,,,,5323000.000,,,,5323000.000
DividendsPreferredStockStock,,,,,5323000.000,,,,5323000.000,,,,5323000.000,,,,,,,,,,,,
EarningsPerShareBasic,0.090,-0.050,2.840,-4.460,-0.050,-0.230,-0.110,-0.840,0.090,,,,-0.140,,,,,0.170,0.000,,,-0.460,0.190,,
EarningsPerShareBasicAndDiluted,,,,,,,,,,-0.810,-0.300,,,-0.670,-1.100,,2.420,,,,-0.180,,,,-0.800
EarningsPerShareDiluted,0.090,-0.050,2.480,-4.100,-0.050,-0.230,-0.110,,0.090,,,,-0.140,,,,,0.170,0.000,,,-0.460,0.190,,
EffectOfExchangeRateOnCashAndCashEquivalents,1200000.000,,,,864000.000,,,,-6988000.000,,,,495000.000,,,,-6127000.000,,,,2820000.000,,,,9392000.000
EffectiveIncomeTaxRateContinuingOperations,,,,,,,,,,,,,,,,,0.430,0.484,1.027,-1.281,0.010,-0.090,0.930,-1.080,-0.370
EffectiveIncomeTaxRateReconciliationAtFederalStatutoryIncomeTaxRate,,,,,,,,,,,,,,,,,,,,,0.350,0.350,0.350,-0.700,
EffectiveIncomeTaxRateReconciliationChangeInDeferredTaxAssetsValuationAllowance,,,,,,,,,,,,,,,,,,,,,,0.040,0.110,,
EffectiveIncomeTaxRateReconciliationChangeInEnactedTaxRate,,,,,,,,,,,,,,,,,,,,,,,0.460,,
EffectiveIncomeTaxRateReconciliationDispositionOfBusiness,,,,,,,,,,,,,,,,,,,,,,0.000,,,
EffectiveIncomeTaxRateReconciliationForeignIncomeTaxRateDifferential,,,,,,,,,,,,,,,,,,,,,-1.000,-0.610,,,
EffectiveIncomeTaxRateReconciliationNondeductibleExpense,,,,,,,,,,,,,,,,,,,,,0.080,,,,
EffectiveIncomeTaxRateReconciliationNondeductibleExpenseShareBasedCompensationCost,,,,,,,,,,,,,,,,,,,,,0.210,0.110,-0.040,-0.310,
EffectiveIncomeTaxRateReconciliationOtherAdjustments,,,,,,,,,,,,,,,,,,,,,,0.030,0.060,,
EffectiveIncomeTaxRateReconciliationStateAndLocalIncomeTaxes,,,,,,,,,,,,,,,,,,,,,,-0.050,0.050,,
EffectiveIncomeTaxRateReconciliationTaxContingencies,,,,,,,,,,,,,,,,,,,,,,,0.050,,
EffectiveIncomeTaxRateReconciliationTaxCreditsResearch,,,,,,,,,,,,,,,,,,,,,0.370,,,,
EmployeeServiceShareBasedCompensationTaxBenefitFromCompensationExpense,,-1304000.000,674000.000,,541000.000,874000.000,536000.000,709000.000,862000.000,496000.000,1511000.000,1321000.000,1778000.000,-655000.000,878000.000,890000.000,2373000.000,2529000.000,472000.000,3441000.000,0.000,,,,493000.000
EquityMethodInvestmentSummarizedFinancialInformationGrossProfitLoss,,36900000.000,38294000.000,,35179000.000,35585000.000,34411000.000,34519000.000,37113000.000,35591000.000,40158000.000,39836000.000,42980000.000,37432000.000,40268000.000,39512000.000,33271000.000,34559000.000,43538000.000,36018000.000,36219000.000,36634000.000,,,
EquityMethodInvestmentSummarizedFinancialInformationNetIncomeLoss,,-550000.000,7858000.000,,6993000.000,7691000.000,5399000.000,5973000.000,5577000.000,9429000.000,10543000.000,8530000.000,10830000.000,4328000.000,12834000.000,7654000.000,8057000.000,3039000.000,15735000.000,5626000.000,10141000.000,4328000.000,,,
EquityMethodInvestmentSummarizedFinancialInformationRevenue,,61088000.000,61538000.000,,52525000.000,58308000.000,54650000.000,47472000.000,49155000.000,54669000.000,49272000.000,50019000.000,48933000.000,41203000.000,65397000.000,55837000.000,47857000.000,53159000.000,56303000.000,45292000.000,53434000.000,55077000.000,,,
ExcessTaxBenefitFromShareBasedCompensationFinancingActivities,1169000.000,,,,148000.000,,,,104000.000,,,,292000.000,,,,649000.000,,,,,,,,
FairValueMeasurementWithUnobservableInputsReconciliationRecurringBasisLiabilityGainLossIncludedInEarnings,,,,,1587000.000,,,,7543000.000,,,,,,,,,,,,,,,,
FairValueMeasurementWithUnobservableInputsReconciliationRecurringBasisLiabilityPurchasesSalesIssuancesSettlements,,,,,-67000.000,,,,-21323000.000,,,,,,,,,,,,,,,,
FairValueMeasurementWithUnobservableInputsReconciliationRecurringBasisLiabilityTransfersNet,,,,,1000000.000,,,,,,,,,,,,,,,,,,,,
GainLossOnDispositionOfAssets,,,,,,,,,,,-5885000.000,,,-638000.000,0.000,,,,,,,,,,
GainLossOnDispositionOfAssets1,,,,,,,,,,,,,,,,,,,,,3810000.000,,,,
GainLossOnSaleOfBusiness,,,,,,,,,,,,,,,,,,,,,,,,,0.000
GainLossOnSaleOfEquityInvestments,333000.000,,,,,,,,,,,,,,,,,,,,,,,,
GainLossOnSaleOfPropertyPlantEquipment,-479000.000,,,,-566000.000,,,,-172000.000,,,,-2072000.000,,,,-1391000.000,,,,-323000.000,,,,-2341000.000
GainLossOnSalesOfAssetsAndAssetImpairmentCharges,,,,,,,,,,,,,,,,,-34792000.000,-5542000.000,-2074000.000,-8132000.000,3810000.000,0.000,0.000,0.000,0.000
GeneralAndAdministrativeExpense,105551000.000,94838000.000,91895000.000,107046000.000,120435000.000,121485000.000,105837000.000,145009000.000,135858000.000,140161000.000,142377000.000,142831000.000,139536000.000,159946000.000,130185000.000,32441000.000,92691000.000,60813000.000,101306000.000,114760000.000,114956000.000,128354000.000,129287000.000,191179000.000,166273000.000
GrossProfit,306207000.000,292728000.000,305962000.000,340938000.000,353071000.000,355608000.000,345775000.000,373868000.000,364257000.000,384487000.000,368646000.000,384349000.000,351239000.000,339918000.000,342859000.000,187888000.000,291985000.000,292574000.000,275049000.000,252936000.000,266257000.000,281861000.000,266128000.000,275621000.000,281726000.000
HealthCareOrganizationExpensesNet,,,,,,,,,,,,,,,,,500000.000,900000.000,800000.000,1200000.000,700000.000,1000000.000,1400000.000,1400000.000,
ImpairmentOfIntangibleAssetsExcludingGoodwill,2935000.000,,,,,,,,,,,,,,,,,,,,,,,,
ImpairmentOfLongLivedAssetsHeldForUse,230000.000,,,,134000.000,,,,,,,,161000.000,,,,-69000.000,,,,608000.000,,,,-342000.000
IncomeLossFromContinuingOperations,,-4669000.000,234208000.000,,,,,,,,,,,,-98561000.000,,-12887000.000,14595000.000,195000.000,-36333000.000,-15389000.000,-40342000.000,16454000.000,-119692000.000,
IncomeLossFromContinuingOperationsAttributableToNoncontrollingEntity,,,,,,,,,,,,,,,,,12799000.000,-14954000.000,-134000.000,36338000.000,15286000.000,40199000.000,-16661000.000,119795000.000,69379000.000
IncomeLossFromContinuingOperationsBeforeIncomeTaxesMinorityInterestAndIncomeLossFromEquityMethodInvestments,-5064000.000,51971000.000,278238000.000,-491192000.000,-3838000.000,-17366000.000,-17201000.000,-83066000.000,-27380000.000,-46986000.000,-41990000.000,-17676000.000,-21382000.000,-58291000.000,-23129000.000,-15698000.000,-20294000.000,36603000.000,-18423000.000,-78876000.000,-15219000.000,-33896000.000,-55010000.000,-48273000.000,-50721000.000
IncomeLossFromContinuingOperationsIncludingPortionAttributableToNoncontrollingInterest,277000.000,-9442000.000,239704000.000,-363848000.000,,,,,,,,,,,-93500000.000,,-7549000.000,20263000.000,5501000.000,-30971000.000,-9977000.000,-34891000.000,22027000.000,-114428000.000,-64129000.000
IncomeLossFromContinuingOperationsPerBasicAndDilutedShare,,,,,,,,,,,,,,,-1.190,,-0.150,,,,-0.180,,,,
IncomeLossFromContinuingOperationsPerBasicShare,0.090,-0.050,2.840,-4.460,,,,,,,,,,,,,,0.170,0.000,,,-0.460,0.190,,
IncomeLossFromContinuingOperationsPerDilutedShare,0.090,-0.050,2.480,-4.100,,,,,,,,,,,,,,0.170,0.000,,,-0.460,0.190,,
IncomeLossFromDiscontinuedOperationsNetOfTax,,,,,,,,,,,,,,,7045000.000,,216777000.000,0.000,0.000,2736000.000,0.000,0.000,0.000,0.000,
IncomeLossFromDiscontinuedOperationsNetOfTaxPerBasicAndDilutedShare,,,,,,,,,,,,,,,0.090,,2.570,,,,0.000,,,,
IncomeLossFromDiscontinuedOperationsNetOfTaxPerBasicShare,,,,,,,,,,,,,,,,,,0.000,0.000,,,0.000,0.000,,
IncomeLossFromDiscontinuedOperationsNetOfTaxPerDilutedShare,,,,,,,,,,,,,,,,,,0.000,0.000,,,0.000,0.000,,
IncomeLossFromEquityMethodInvestments,1011000.000,-207000.000,4118000.000,3602000.000,3412000.000,3998000.000,3007000.000,2828000.000,2934000.000,4551000.000,5753000.000,4205000.000,5352000.000,2087000.000,6277000.000,3793000.000,3959000.000,1361000.000,5000000.000,5210000.000,5034000.000,2122000.000,26149000.000,17200000.000,5201000.000
IncomeLossFromSubsidiariesNetOfTax,,,,,,,,,,,,,,,,,0.000,0.000,0.000,0.000,0.000,0.000,0.000,0.000,0.000
IncomeTaxEffectsAllocatedDirectlyToEquityEmployeeStockOptions,,,,,,,,,,,,,,,,,,,,,0.000,,,,
IncomeTaxExpenseBenefit,-4330000.000,-42736000.000,-42652000.000,113932000.000,-1455000.000,-489000.000,-10677000.000,-17698000.000,-36871000.000,17867000.000,-17148000.000,-10159000.000,-9917000.000,-6611000.000,76648000.000,6602000.000,-8786000.000,17701000.000,-18924000.000,-42695000.000,-208000.000,3117000.000,-50888000.000,83355000.000,18609000.000
IncreaseDecreaseInAccountsPayable,-5935000.000,,,,-17806000.000,,,,-1988000.000,,,,5231000.000,,,,-18648000.000,,,,-31542000.000,,,,13363000.000
IncreaseDecreaseInAccountsReceivable,5339000.000,,,,12942000.000,,,,20167000.000,,,,-19898000.000,,,,16881000.000,,,,9199000.000,,,,-33105000.000
IncreaseDecreaseInAccruedLiabilitiesAndOtherOperatingLiabilities,,,,,,,,,,,,,,,,,6827000.000,,,,-7413000.000,,,,17714000.000
IncreaseDecreaseInIncomeTaxes,,,,,,,,,,,,,,,,,,12300000.000,-84400000.000,,-7700000.000,,,,18800000.000
IncreaseDecreaseInInventories,-11063000.000,,,,-9351000.000,,,,17171000.000,,,,12745000.000,,,,31168000.000,,,,14147000.000,,,,19272000.000
IncreaseDecreaseInOtherNoncurrentAssetsAndLiabilitiesNet,,,,,,,,,,,,,,,,,,,,,,,,,-5652000.000
IncreaseDecreaseInOtherOperatingLiabilities,1424000.000,,,,14697000.000,,,,795000.000,,,,13313000.000,,,,-21117000.000,,,,14000.000,,,,
IncreaseDecreaseInPrepaidDeferredExpenseAndOtherAssets,24473000.000,,,,-3521000.000,,,,5833000.000,,,,-4330000.000,,,,-18980000.000,,,,5796000.000,,,,-3750000.000
IncreaseDecreaseInRestrictedCash,,,,,-6302000.000,,,,8573000.000,,,,-2151000.000,,,,-71000.000,,,,436000.000,,,,1445000.000
IncrementalCommonSharesAttributableToCallOptionsAndWarrants,,,95000.000,,,,,,,,,,,,,,,,,,,,,,
IncrementalCommonSharesAttributableToConversionOfDebtSecurities,,,3438000.000,,,,,,,,,,,,,,,,,,,,,,
IncrementalCommonSharesAttributableToConversionOfPreferredStock,,,10221000.000,,,,,,,,,,,,,,,,,,,,,,
IncrementalCommonSharesAttributableToShareBasedPaymentArrangements,,,661000.000,,,,,,101000.000,,,,0.000,,,,,,,,,,,,
InterestExpense,38305000.000,68562000.000,47327000.000,49777000.000,50727000.000,55531000.000,54861000.000,79441000.000,57399000.000,92453000.000,53420000.000,52384000.000,52044000.000,52151000.000,52481000.000,52515000.000,46431000.000,59494000.000,52333000.000,58739000.000,42106000.000,42329000.000,44130000.000,43086000.000,43183000.000
InterestExpenseDebt,,67699000.000,46165000.000,,49483000.000,53736000.000,54130000.000,-157113542.000,56517000.000,91320000.000,52035000.000,51834000.000,50984000.000,51080000.000,51207000.000,51359000.000,45738000.000,59494000.000,52333000.000,59432000.000,42105000.000,42329000.000,,,
InventoryWriteDown,294000.000,,,,5000.000,,,,,,,,589000.000,,,,78000.000,,,,1349000.000,,,,0.000
LicenseCosts,1854000.000,-1629000.000,1731000.000,5080000.000,1644000.000,1852000.000,1898000.000,1960000.000,1756000.000,1499000.000,2009000.000,2499000.000,1539000.000,1125000.000,1236000.000,1692000.000,1950000.000,1344000.000,1137000.000,-650000.000,1391000.000,535000.000,641000.000,683000.000,760000.000
LicensesRevenue,7669000.000,4805000.000,5249000.000,5750000.000,2908000.000,3237000.000,5188000.000,17243000.000,4064000.000,4865000.000,4184000.000,14116000.000,5212000.000,6604000.000,4182000.000,5052000.000,4698000.000,5694000.000,3299000.000,3286000.000,2729000.000,2533000.000,2480000.000,4256000.000,2642000.000
NetCashProvidedByUsedInFinancingActivities,-53731000.000,,,,176184000.000,,,,131568000.000,,,,-11026000.000,,,,-566724000.000,,,,-12529000.000,,,,-21518000.000
NetCashProvidedByUsedInFinancingActivitiesContinuingOperations,-53731000.000,,,,176184000.000,,,,131568000.000,,,,-11026000.000,,,,-566648000.000,,,,-12529000.000,,,,-21518000.000
NetCashProvidedByUsedInInvestingActivities,-117269000.000,,,,-64054000.000,,,,-196754000.000,,,,-24259000.000,,,,557207000.000,,,,2771000.000,,,,-14693000.000
NetCashProvidedByUsedInInvestingActivitiesContinuingOperations,-117269000.000,,,,-64054000.000,,,,-196754000.000,,,,-24259000.000,,,,557416000.000,,,,2771000.000,,,,-14693000.000
NetCashProvidedByUsedInOperatingActivities,87160000.000,,,,101930000.000,,,,71061000.000,,,,105908000.000,,,,28378000.000,,,,-4599000.000,,,,61076000.000
NetCashProvidedByUsedInOperatingActivitiesContinuingOperations,87160000.000,,,,101930000.000,,,,71061000.000,,,,105908000.000,,,,28060000.000,,,,-4599000.000,,,,61076000.000
NetIncomeLoss,215000.000,-9402000.000,239566000.000,-363921000.000,1214000.000,-12915000.000,-3803000.000,-62678000.000,12450000.000,-60569000.000,-19448000.000,-3687000.000,-6221000.000,-49655000.000,-86149000.000,151943000.000,209140000.000,19904000.000,5562000.000,-28230000.000,-10080000.000,-35034000.000,21820000.000,-114325000.000,-64312000.000
NetIncomeLossAttributableToNoncontrollingInterest,62000.000,40000.000,-138000.000,269000.000,-185000.000,36000.000,286000.000,-412000.000,-25000.000,267000.000,359000.000,375000.000,108000.000,62000.000,-306000.000,166000.000,88000.000,359000.000,-61000.000,-5000.000,103000.000,143000.000,207000.000,-103000.000,183000.000
NetIncomeLossAvailableToCommonStockholdersBasic,8094000.000,-4669000.000,234208000.000,-369288000.000,-4095000.000,-18194000.000,-9155000.000,-68031000.000,7200000.000,-65878000.000,-24815000.000,-9054000.000,-11471000.000,-54964000.000,-91516000.000,146576000.000,203890000.000,14595000.000,195000.000,-33597000.000,-15389000.000,-40342000.000,16454000.000,-119692000.000,-69562000.000
OperatingExpenses,275302000.000,276574000.000,261043000.000,870213000.000,318013000.000,321254000.000,307043000.000,,333768000.000,340083000.000,,,325299000.000,,,,,,,,,,,,
OperatingIncomeLoss,30905000.000,16154000.000,44919000.000,-344833000.000,35058000.000,34354000.000,38732000.000,988000.000,30489000.000,44404000.000,20299000.000,39560000.000,25940000.000,-8759000.000,37612000.000,38631000.000,27407000.000,91837000.000,29165000.000,-10559000.000,28236000.000,22545000.000,3432000.000,-39489000.000,-5022000.000
OtherComprehensiveIncomeForeignCurrencyTransactionAndTranslationAdjustmentBeforeTaxPeriodIncreaseDecrease,,,,,35939000.000,,,,,,,,,,,,,,,,,,,,
OtherComprehensiveIncomeForeignCurrencyTransactionAndTranslationAdjustmentNetOfTaxPeriodIncreaseDecrease,,17106000.000,-56737000.000,,,,,,,,,,,,,,,,,,,,,,
OtherComprehensiveIncomeLossBeforeTax,,,,,,-37066000.000,39748000.000,,-74739000.000,-34329000.000,66919000.000,-8393000.000,-11275000.000,37734000.000,-95937000.000,-97118000.000,-81724000.000,46352000.000,-88393000.000,-23846000.000,22348000.000,-43604000.000,8948000.000,-110186000.000,53259000.000
OtherComprehensiveIncomeLossBeforeTaxPeriodIncreaseDecrease,,,,,37312000.000,,,,,,,,,,,,,,,,,,,,
OtherComprehensiveIncomeLossForeignCurrencyTransactionAndTranslationAdjustmentBeforeTax,,,,,,-36777000.000,39695000.000,,-75355000.000,-34428000.000,67268000.000,-7651000.000,-11340000.000,37815000.000,-96425000.000,-96498000.000,-80342000.000,46726000.000,-88812000.000,-24010000.000,22193000.000,-44135000.000,8727000.000,-109072000.000,53330000.000
OtherComprehensiveIncomeLossNetOfTax,,,,,,-37066000.000,39388000.000,,-74739000.000,-34329000.000,66919000.000,-8287000.000,-11275000.000,37734000.000,-95937000.000,-96945000.000,-81724000.000,46352000.000,-88393000.000,-23902000.000,22348000.000,-43604000.000,8948000.000,-110313000.000,53259000.000
OtherComprehensiveIncomeLossNetOfTaxPeriodIncreaseDecrease,,23498000.000,-57024000.000,,37353000.000,,,,,,,,,,,,,,,,,,,,
OtherComprehensiveIncomeLossPensionAndOtherPostretirementBenefitPlansAdjustmentBeforeReclassificationAdjustmentsAndTax,,,,,,4000.000,98000.000,,-605000.000,99000.000,369000.000,552000.000,-74000.000,87000.000,-481000.000,637000.000,1382000.000,374000.000,-419000.000,-164000.000,-155000.000,-531000.000,-221000.000,1114000.000,71000.000
OtherComprehensiveIncomeLossTax,,,,,-41000.000,,360000.000,,,,,,0.000,0.000,0.000,-173000.000,0.000,0.000,0.000,56000.000,0.000,,,,
OtherComprehensiveIncomeMinimumPensionLiabilityNetAdjustmentBeforeTax,,,,,-165000.000,,,,,,,,,,,,,,,,,,,,
OtherComprehensiveIncomeMinimumPensionLiabilityNetAdjustmentNetOfTax,,-118000.000,-246000.000,,,,,,,,,,,,,,,,,,,,,,
OtherComprehensiveIncomeUnrealizedGainLossOnDerivativesArisingDuringPeriodBeforeTax,,,,,1107000.000,-652000.000,10000.000,-77000.000,11000.000,,20000.000,,8000.000,6000.000,7000.000,17000.000,0.000,0.000,0.000,0.000,,,,,
OtherComprehensiveIncomeUnrealizedGainLossOnDerivativesArisingDuringPeriodNetOfTax,,6337000.000,-53000.000,,,,,,,,,,,,,,,,,,,,,,
OtherComprehensiveIncomeUnrealizedHoldingGainLossOnSecuritiesArisingDuringPeriodBeforeTax,,,,,431000.000,359000.000,141000.000,-1147000.000,,,,,-17000.000,0.000,0.000,0.000,0.000,0.000,0.000,0.000,,,,,
OtherComprehensiveIncomeUnrealizedHoldingGainLossOnSecuritiesArisingDuringPeriodNetOfTax,,-63000.000,-480000.000,,,,,,,,,,,,,,,,,,,,,,
OtherNoncashIncomeExpense,,,,,,,,,-1941000.000,,,,3659000.000,,,,-5923000.000,,,,-2496000.000,,,,-1564000.000
OtherNonoperatingIncomeExpense,2336000.000,437000.000,-8250000.000,7360000.000,11831000.000,3811000.000,-1072000.000,-4613000.000,-470000.000,1063000.000,-8869000.000,-4852000.000,4722000.000,2619000.000,-8260000.000,-1814000.000,-1270000.000,4260000.000,4745000.000,-9578000.000,-1349000.000,-14112000.000,-14312000.000,34302000.000,-2516000.000
OtherPreferredStockDividendsAndAdjustments,-13688000.000,10248000.000,,,,,,,,,,,,,,,,,,,,,,,
PaymentsForProceedsFromBusinessesAndInterestInAffiliates,,,,,,,,,,,,,,,,,0.000,,,,,,,,
PaymentsForProceedsFromInvestments,,,,,,,,,,,,,,,,,,,,,,,,,7000.000
PaymentsForProceedsFromProductiveAssets,,,,,,,,,,,,,,,,,-913000.000,,,,540000.000,,,,-82000.000
PaymentsForRepurchaseOfCommonStock,618000.000,,,,,,,,,,,,,,,,,,,,,,,,
PaymentsForRepurchaseOfPreferredStockAndPreferenceStock,49380000.000,,,,,,,,,,,,,,,,,,,,,,,,
PaymentsForRestructuring,,,,,,,,,,,,,5595000.000,,,,14591000.000,,,,,,,,
PaymentsOfDividendsPreferredStockAndPreferenceStock,,,,,5323000.000,,,,5323000.000,,,,5323000.000,,,,5323000.000,,,,5323000.000,,,,5323000.000
PaymentsOfFinancingCosts,80000.000,,,,1876000.000,,,,1427000.000,,,,7000.000,,,,59000.000,,,,1000.000,,,,0.000
PaymentsOfMergerRelatedCostsFinancingActivities,,,,,,,,,,,,,,,,,4696000.000,,,,145000.000,,,,128000.000
PaymentsRelatedToTaxWithholdingForShareBasedCompensation,,,,,,,,,,,,,,,,,,,,,,,,,5601000.000
PaymentsToAcquireBusinessesGross,,,,,,,,,,,,,,,,,,,,,6458000.000,,,,6470000.000
PaymentsToAcquireBusinessesNetOfCashAcquired,94899000.000,,,,38008000.000,,,,158421000.000,,,,0.000,,,,,,,,5945000.000,,,,3060000.000
PaymentsToAcquireEquityMethodInvestments,,,,,,,,,,,,,,,,,,,,,,,,,232000.000
PaymentsToAcquireInvestments,,,,,,,,,,,,,507000.000,,,,,,,,184000.000,,,,
PaymentsToAcquireOtherProductiveAssets,12102000.000,,,,8554000.000,,,,5569000.000,,,,2925000.000,,,,,,,,,,,,
PaymentsToAcquirePropertyPlantAndEquipment,28944000.000,,,,30385000.000,,,,36105000.000,,,,27540000.000,,,,25647000.000,,,,14504000.000,,,,10399000.000
PreferredStockDividends,5809000.000,,,,,,,,,,,,,,,,,,,,,,,,
PreferredStockDividendsIncomeStatementImpact,,5515000.000,5358000.000,,5309000.000,5279000.000,5352000.000,5353000.000,5250000.000,5309000.000,5367000.000,5367000.000,5250000.000,5309000.000,5367000.000,5367000.000,5250000.000,5309000.000,5367000.000,5367000.000,5309000.000,5308000.000,5366000.000,5367000.000,5250000.000
ProceedsFromDivestitureOfBusinessesAndInterestsInAffiliates,11490000.000,,,,,,,,,,,,4373000.000,,,,581185000.000,,,,21470000.000,,,,0.000
ProceedsFromEquityMethodInvestmentDividendsOrDistributionsReturnOfCapital,,,,,,,,,10771000.000,,,,,,,,,,,,,,,,0.000
ProceedsFromIssuanceOfCommonStock,11824000.000,,,,7674000.000,,,,6135000.000,,,,14698000.000,,,,34632000.000,,,,11124000.000,,,,496000.000
ProceedsFromIssuanceOfLongTermDebt,937000.000,,,,199141000.000,,,,10053000.000,,,,939000.000,,,,15000.000,,,,325000.000,,,,0.000
ProceedsFromIssuanceOfSharesUnderIncentiveAndShareBasedCompensationPlans,,,,,,,,,,,,,14698000.000,,,,,,,,,,,,
ProceedsFromPaymentsForOtherFinancingActivities,-244000.000,,,,,,,,,,,,,,,,,,,,,,,,
ProceedsFromRepaymentsOfLinesOfCredit,,,,,,,,,,,,,,,,,-127050000.000,,,,-127000.000,,,,48000.000
ProceedsFromRepaymentsOfRestrictedCashFinancingActivities,3000.000,,,,,,,,,,,,,,,,,,,,,,,,
ProceedsFromSaleAndMaturityOfMarketableSecurities,6982000.000,,,,-2000.000,,,,,,,,60000.000,,,,86000.000,,,,93000.000,,,,
ProceedsFromSaleOfEquityMethodInvestments,,,,,,,,,,,,,,,,,,,,,2205000.000,,,,229000.000
ProceedsFromSaleOfPropertyPlantAndEquipment,204000.000,,,,527000.000,,,,1143000.000,,,,129000.000,,,,808000.000,,,,612000.000,,,,139000.000
ProfitLoss,277000.000,-9442000.000,239704000.000,-363848000.000,1029000.000,-12879000.000,-3517000.000,-62540000.000,12425000.000,-60302000.000,-19089000.000,-3312000.000,-6113000.000,-49593000.000,-86455000.000,152109000.000,209228000.000,20263000.000,5501000.000,-28235000.000,-9977000.000,-34891000.000,22027000.000,-114428000.000,-64129000.000
QuantifyingMisstatementInCurrentYearFinancialStatementsAmount,,,,,,,,,,,,,1300000.000,,1400000.000,,,,,,,,,,
RepaymentsOfLongTermCapitalLeaseObligations,653000.000,,,,1720000.000,,,,1721000.000,,,,1840000.000,,,,1484000.000,,,,1107000.000,,,,852000.000
RepaymentsOfLongTermDebt,3600000.000,,,,16911000.000,,,,19638000.000,,,,15823000.000,,,,463011000.000,,,,17275000.000,,,,10158000.000
RepaymentsOfShortTermDebt,,,,,6240000.000,,,,,,,,,,,,321000.000,,,,0.000,,,,
ResearchAndDevelopmentExpense,36542000.000,41348000.000,34772000.000,37503000.000,39000000.000,40447000.000,40562000.000,62992000.000,41454000.000,40500000.000,40498000.000,38350000.000,38699000.000,37430000.000,38726000.000,29973000.000,28016000.000,27198000.000,36011000.000,28228000.000,27062000.000,28446000.000,31430000.000,25184000.000,26284000.000
RestructuringAndRelatedCostIncurredCost,,,,,,,,,,,,,,,,,4277000.000,4859000.000,2270000.000,4261000.000,7668000.000,8787000.000,11292000.000,10138000.000,3031000.000
RestructuringCharges,,10298000.000,3129000.000,,5528000.000,1365000.000,3239000.000,10193000.000,3992000.000,,,,7215000.000,15830000.000,17727000.000,17924000.000,4270000.000,4853000.000,2264000.000,4256000.000,7668000.000,8785000.000,11290000.000,10142000.000,3031000.000
RestructuringReservePeriodExpense,,,,,5449000.000,,,,,,,,,,,,,,,,,,,,
RestructuringReserveSettledWithCash,,,,,6465000.000,,,,3758000.000,,,,,,,,,,,,,,,,
RestructuringReserveTranslationAdjustment,,,,,58000.000,,,,-4000.000,,,,31000.000,,,,-421000.000,,,,,,,,
Revenues,582464000.000,567185000.000,585769000.000,651109000.000,671129000.000,700517000.000,691416000.000,755763000.000,739249000.000,763985000.000,753882000.000,772326000.000,716622000.000,737943000.000,736246000.000,395879000.000,608153000.000,629156000.000,602044000.000,623963000.000,578209000.000,611088000.000,582354000.000,604684000.000,588216000.000
SalesRevenueGoodsNet,407243000.000,398805000.000,418254000.000,458830000.000,475787000.000,463425000.000,459813000.000,514706000.000,508276000.000,521562000.000,509038000.000,533587000.000,495445000.000,503425000.000,509276000.000,525506000.000,479599000.000,496834000.000,470404000.000,507194000.000,459771000.000,483746000.000,456096000.000,483963000.000,463445000.000
SalesRevenueNet,574795000.000,562380000.000,580520000.000,645359000.000,668221000.000,697280000.000,686228000.000,738520000.000,735185000.000,759120000.000,749698000.000,758210000.000,711410000.000,731339000.000,732064000.000,390827000.000,603455000.000,623462000.000,598745000.000,620677000.000,575480000.000,608555000.000,579874000.000,600428000.000,585574000.000
SalesRevenueServicesNet,167552000.000,163575000.000,162266000.000,186529000.000,192434000.000,233855000.000,226415000.000,223814000.000,226909000.000,237558000.000,240660000.000,224623000.000,215965000.000,227914000.000,222788000.000,-134679000.000,123856000.000,126628000.000,128341000.000,113483000.000,115709000.000,124809000.000,123778000.000,116465000.000,122129000.000
SellingAndMarketingExpense,133209000.000,140388000.000,134376000.000,157610000.000,158578000.000,159322000.000,160644000.000,164879000.000,156456000.000,159422000.000,159587000.000,164369000.000,147064000.000,150663000.000,136336000.000,79739000.000,109079000.000,107184000.000,106493000.000,112375000.000,99813000.000,102516000.000,101979000.000,98747000.000,94191000.000
ShareBasedCompensation,5808000.000,6181000.000,4286000.000,4940000.000,3874000.000,4368000.000,3626000.000,3797000.000,4123000.000,,,,5704000.000,-1122000.000,3169000.000,4701000.000,5149000.000,7130000.000,,,,,,,
StockIssuedDuringPeriodValueEmployeeStockOwnershipPlan,,,,,,,,,,,,,,,,,34632000.000,,,,11123000.000,,,,424000.000
StockIssuedDuringPeriodValueShareBasedCompensation,,,,,7674000.000,,,,6135000.000,,,,,,,,,,,,,,,,
TemporaryEquityNetIncome,,,,,-49000.000,,,,,,,,,,,,,,,,,,,,
TreasuryStockAcquiredAverageCostPerShare,,284.280,,,,,,,,,,,,,,,,,,,,,,,
TreasuryStockValueAcquiredCostMethod,,300000.000,,,,,,,,,,,,,,,,,,,,,,,
WeightedAverageNumberOfDilutedSharesOutstanding,86953000.000,85703000.000,97090000.000,-186618000.000,80240000.000,80375000.000,80792000.000,,81300000.000,,,,82387000.000,,,,,86635000.000,87169.000,,,86737000.000,87885000.000,,
WeightedAverageNumberOfShareOutstandingBasicAndDiluted,,,,,,,,,,81311000.000,81735000.000,,,82648000.000,83115000.000,,84338000.000,,,,86646000.000,,,,87221000.000
WeightedAverageNumberOfSharesOutstandingBasic,85362000.000,85703000.000,82486000.000,-170423000.000,80240000.000,80375000.000,80792000.000,,81199000.000,,,,82387000.000,,,,,85173000.000,85895.000,,,86737000.000,86753000.000,,
