,2011-03-31,2011-06-30,2011-09-30,2011-12-31,2012-03-31,2012-06-30,2012-09-30,2012-12-31,2013-03-31,2013-06-30,2013-09-30,2013-12-31,2014-03-31,2014-06-30,2014-09-30,2014-12-31,2015-03-31,2015-06-30,2015-09-30,2015-12-31,2016-03-31,2016-06-30,2016-09-30,2016-12-31,2017-03-31,2017-06-30
AdjustmentForAmortization,127300000.000,,,,155200000.000,,,,186700000.000,,,,190300000.000,,,,189200000.000,,,,199700000.000,,,,193400000.000,
AdjustmentsToAdditionalPaidInCapitalEquityComponentOfConvertibleDebt,,,,,,,,,-4000000.000,,,,,,,,,,,,,,,,,
AdjustmentsToAdditionalPaidInCapitalEquityComponentOfConvertibleDebtSubsequentAdjustments,,,,,,,,,,,,,,,,,,,,,,,,,-1100000.000,
AmortizationOfIntangibleAssets,56800000.000,56600000.000,62100000.000,63900000.000,58700000.000,59500000.000,63900000.000,63000000.000,67900000.000,67700000.000,66600000.000,43100000.000,54000000.000,54000000.000,60300000.000,52600000.000,52500000.000,60100000.000,60000000.000,57500000.000,50400000.000,47900000.000,47400000.000,46600000.000,41800000.000,40600000.000
AntidilutiveSecuritiesExcludedFromComputationOfEarningsPerShareAmount,12000000.000,8100000.000,10900000.000,-20500000.000,10100000.000,10800000.000,14800000.000,-23100000.000,11500000.000,5300000.000,100000.000,-12700000.000,600000.000,1400000.000,100000.000,-1600000.000,400000.000,1200000.000,1000000.000,-1600000.000,1700000.000,2600000.000,2500000.000,-4600000.000,400000.000,1000000.000
AvailableForSaleSecuritiesContinuousUnrealizedLossPosition12MonthsOrLongerAggregateLosses,58400000.000,,,,,,,,,,,,-30600000.000,,,,-39500000.000,,,,106400000.000,,,,,
AvailableForSaleSecuritiesContinuousUnrealizedLossPositionLessThan12MonthsAggregateLosses,74000000.000,,,,,,,,,,,,-131200000.000,,,,-96000000.000,,,,162800000.000,,,,,
AvailableForSaleSecuritiesGrossRealizedGains,97200000.000,,,,156200000.000,,,,107000000.000,71900000.000,160400000.000,158800000.000,82900000.000,106200000.000,32400000.000,96300000.000,133700000.000,148400000.000,49500000.000,177500000.000,121400000.000,108400000.000,113400000.000,79400000.000,59800000.000,50900000.000
AvailableForSaleSecuritiesGrossRealizedLosses,40100000.000,,,,49300000.000,,,,90200000.000,-17700000.000,65000000.000,88700000.000,41200000.000,-40400000.000,-6700000.000,146700000.000,-87200000.000,-56100000.000,-61400000.000,556300000.000,92700000.000,31000000.000,13000000.000,65800000.000,30200000.000,20100000.000
AvailableForSaleSecuritiesGrossUnrealizedGains,,,,,,,,,,,,,1156500000.000,,,,1198800000.000,,,,908000000.000,,,,,
AvailableForSaleSecuritiesGrossUnrealizedLoss,,,,,,,,,,,,,161800000.000,,,,135500000.000,,,,,,,,,
AvailableForSaleSecuritiesIncomeTaxExpenseOnChangeInUnrealizedHoldingGainOrLoss,,,,,,,,,2400000.000,-207800000.000,-9400000.000,-8800000.000,67500000.000,61000000.000,-85100000.000,-25100000.000,33400000.000,-109300000.000,-94500000.000,-10000000.000,-85400000.000,-153500000.000,-36700000.000,394500000.000,-46300000.000,-67000000.000
AvailableforsaleSecuritiesGrossUnrealizedGainLoss1,,,,,,,,,,,,,994700000.000,,,,1063300000.000,,,,,,,,,
BenefitsLossesAndExpenses,13467200000.000,14093300000.000,14352800000.000,14839500000.000,14105400000.000,14358700000.000,14327400000.000,15054700000.000,16400100000.000,16585100000.000,17087000000.000,17111100000.000,16729300000.000,17209700000.000,17469800000.000,18097200000.000,17482400000.000,18457500000.000,18772000000.000,19813600000.000,18976500000.000,20007900000.000,20267400000.000,21055800000.000,21010900000.000,21201500000.000
CashAndCashEquivalentsPeriodIncreaseDecrease,613200000.000,,,,77500000.000,,,,-819300000.000,,,,384300000.000,,,,-754700000.000,,,,-437500000.000,,,,2697100000.000,
CommonStockDividendsPerShareCashPaid,,,,,,,,,,,,,,,,,0.625,0.625,0.625,,0.650,0.650,0.650,,0.650,0.650
CommonStockDividendsPerShareDeclared,0.250,0.250,0.250,0.250,0.287,0.287,0.287,0.289,0.375,0.375,0.375,0.375,0.438,0.438,0.438,0.436,0.625,0.625,0.625,0.625,0.650,0.650,0.650,0.650,0.650,0.650
ComprehensiveIncomeNetOfTax,953400000.000,793900000.000,471700000.000,318000000.000,976600000.000,620800000.000,865900000.000,376400000.000,928600000.000,430400000.000,678600000.000,336200000.000,845200000.000,878700000.000,489000000.000,345500000.000,931200000.000,621600000.000,438200000.000,104500000.000,613200000.000,798100000.000,618800000.000,464400000.000,1116000000.000,882200000.000
CostOfGoodsSold,,,,,,6700000.000,66500000.000,,65000000.000,62400000.000,68600000.000,,,,,,,,,,,,,,,
DebtInstrumentConvertibleConversionRatio,,,,,,,,,13.251,,,,,,,,,,,,,,,,,
DebtInstrumentConvertibleConversionRatio1,,,,,,,,,,,,,13.313,,,,13.395,,,,,,,,,
DeferredIncomeTaxExpenseBenefit,44700000.000,,,,59900000.000,,,,9100000.000,,,,85200000.000,,,,70600000.000,,,,73300000.000,,,,-157200000.000,
DefinedBenefitPlanContributionsByEmployer,0.000,,,,0.000,,,,0.000,,,,,,,,,,,,,,300000.000,,,
Depreciation,23400000.000,,,,23500000.000,,,,25300000.000,,,,26400000.000,,,,25100000.000,,,,25600000.000,,,,27300000.000,
DerivativeGainLossOnDerivativeNet,,,,,,,,,,,,,,,,,,,,,-153800000.000,-64900000.000,-3900000.000,15100000.000,-10300000.000,-14600000.000
DerivativeLossOnDerivative,,,,,,,,,,,,,-19400000.000,,,,,,,,,,,,,
DiscontinuedOperationProvisionForLossGainOnDisposalBeforeIncomeTax,,,,,,,,,,,,,-3200000.000,,,,0.000,,,,,,,,,
DividendsCommonStock,93800000.000,,,,96700000.000,,,,114200000.000,,,,124900000.000,,,,167900000.000,,,,171100000.000,,,,172600000.000,
EarlyRepaymentOfSeniorDebt,,,,,,,,,,,,,24200000.000,21200000.000,,,16200000.000,,,,,,,,,
EarningsPerShareBasic,2.480,1.920,1.920,1.030,2.560,1.960,2.170,1.570,2.920,2.670,2.210,0.540,2.460,2.640,2.310,1.900,3.250,3.270,2.510,0.700,2.690,2.970,2.350,1.380,3.820,3.230
EarningsPerShareDiluted,2.440,1.890,1.900,1.020,2.530,1.940,2.150,1.560,2.890,2.640,2.160,0.510,2.400,2.560,2.220,1.810,3.090,3.130,2.430,0.730,2.630,2.910,2.300,1.370,3.730,3.160
EffectOfExchangeRateOnCashAndCashEquivalents,2000000.000,,,,1300000.000,,,,-1500000.000,,,,-300000.000,,,,-5500000.000,,,,2400000.000,,,,1600000.000,
EffectiveIncomeTaxRateContinuingOperations,,,0.346,,,0.386,0.326,,0.312,0.339,0.257,-0.594,0.388,0.421,0.420,-0.815,0.449,0.449,0.420,-0.871,0.464,0.461,0.456,-0.923,0.333,0.291
EffectiveIncomeTaxRateReconciliationAtFederalStatutoryIncomeTaxRate,,0.304,,,,,,,,,,,,,,,,,,,,,,,,
ExcessTaxBenefitFromShareBasedCompensationFinancingActivities,22600000.000,,,,19300000.000,,,,4200000.000,,,,22400000.000,,,,68800000.000,,,,39800000.000,,,,0.000,
ExcessTaxBenefitFromShareBasedCompensationOperatingActivities,22600000.000,,,,19300000.000,,,,4200000.000,,,,22400000.000,,,,68800000.000,,,,39800000.000,,,,0.000,
FairValueAssetsMeasuredOnRecurringBasisChangeInUnrealizedGainLoss,,,,,,,,,,,,,-4300000.000,-4000000.000,-3500000.000,0.000,-1400000.000,-200000.000,0.000,-400000.000,-1700000.000,-100000.000,-100000.000,-100000.000,-1700000.000,-900000.000
FairValueAssetsMeasuredOnRecurringBasisChangeInUnrealizedGainLossIncludedInInvestmentIncome,,-2600000.000,-1200000.000,,-400000.000,0.000,-200000.000,-100000.000,-1400000.000,-3200000.000,-15000000.000,-17800000.000,,,,,,,,,,,,,,
FairValueInputsComparabilityAdjustments,,,,,,,,,,,0.000,,,,,,,,,,,,,,,
FairValueLevel1ToLevel2TransfersAmount,,,,,0.000,,,,,,,,,,,,,,,,,,,,,
FairValueLevel2ToLevel1TransfersAmount,,,,,0.000,,,,,,,,,,,,,,,,,,,,,
FairValueMeasurementWithUnobservableInputsReconciliationRecurringBasisAssetGainLossIncludedInEarnings,-600000.000,2600000.000,-600000.000,-4900000.000,14900000.000,400000.000,-400000.000,,,,,,,,,,,,,,,,,,,
FairValueMeasurementWithUnobservableInputsReconciliationRecurringBasisAssetGainLossIncludedInEarnings1,,,,,,,,,900000.000,-3000000.000,-15000000.000,-18100000.000,18000000.000,7200000.000,-33000000.000,2700000.000,-800000.000,-1200000.000,300000.000,1800000.000,1300000.000,-700000.000,-500000.000,-2300000.000,-1000000.000,400000.000
FairValueMeasurementWithUnobservableInputsReconciliationRecurringBasisAssetGainLossIncludedInOtherComprehensiveIncome,3800000.000,-3100000.000,-8500000.000,9100000.000,-20200000.000,-4800000.000,-2800000.000,,,,,,,,,,,,,,,,,,,
FairValueMeasurementWithUnobservableInputsReconciliationRecurringBasisAssetGainLossIncludedInOtherComprehensiveIncomeLoss,,,,,,,,,-1300000.000,5700000.000,2600000.000,-400000.000,-2500000.000,16800000.000,-300000.000,-2300000.000,2700000.000,1000000.000,3700000.000,-3000000.000,-3500000.000,1500000.000,-600000.000,-400000.000,3300000.000,600000.000
FairValueMeasurementWithUnobservableInputsReconciliationRecurringBasisAssetIssues,,,,,0.000,0.000,0.000,0.000,0.000,0.000,0.000,,,,,,,,,,,,,,,
FairValueMeasurementWithUnobservableInputsReconciliationRecurringBasisAssetPurchases,,12600000.000,12100000.000,,18800000.000,31100000.000,19800000.000,19400000.000,10000000.000,36400000.000,10100000.000,14600000.000,18300000.000,19900000.000,23200000.000,33500000.000,39900000.000,65200000.000,20100000.000,88900000.000,102200000.000,62000000.000,69700000.000,163200000.000,81800000.000,68000000.000
FairValueMeasurementWithUnobservableInputsReconciliationRecurringBasisAssetSales,,-12300000.000,-14700000.000,,-1900000.000,-10200000.000,-21200000.000,-13600000.000,-2500000.000,0.000,1600000.000,12800000.000,2800000.000,13000000.000,22500000.000,23900000.000,5400000.000,5300000.000,15300000.000,1500000.000,3400000.000,8900000.000,11400000.000,118400000.000,34500000.000,12000000.000
FairValueMeasurementWithUnobservableInputsReconciliationRecurringBasisAssetSettlements,,-122000000.000,-6100000.000,,-52200000.000,-7400000.000,-6000000.000,-3700000.000,-10900000.000,-1300000.000,5200000.000,31200000.000,5700000.000,-1600000.000,-3200000.000,14200000.000,13800000.000,11700000.000,2800000.000,24900000.000,10900000.000,10300000.000,6600000.000,30300000.000,20200000.000,16800000.000
FairValueMeasurementWithUnobservableInputsReconciliationRecurringBasisAssetTransfersIntoLevel3,,47100000.000,17400000.000,,1400000.000,18100000.000,10000000.000,1200000.000,13100000.000,0.000,25400000.000,0.000,0.000,24200000.000,600000.000,0.000,700000.000,4200000.000,0.000,13000000.000,11900000.000,9800000.000,13800000.000,9200000.000,9500000.000,6300000.000
FairValueMeasurementWithUnobservableInputsReconciliationRecurringBasisAssetTransfersOutOfLevel3,,,,,105700000.000,0.000,5800000.000,-228300000.000,2900000.000,6700000.000,12900000.000,0.000,6500000.000,3100000.000,11100000.000,3400000.000,3000000.000,19700000.000,14000000.000,6100000.000,1900000.000,57200000.000,0.000,11700000.000,31200000.000,15200000.000
GainLossOnSaleOfPropertyPlantEquipment,-600000.000,,,,-300000.000,,,,-700000.000,,,,-100000.000,,,,-900000.000,,,,-200000.000,,,,-700000.000,
GainsLossesOnExtinguishmentOfDebt,,,,,,,,,,,-145300000.000,,-3000000.000,-3000000.000,-74800000.000,-300000.000,-3400000.000,2900000.000,2300000.000,7500000.000,0.000,0.000,0.000,0.000,,
GeneralAndAdministrativeExpense,1679500000.000,1605500000.000,1716600000.000,1817200000.000,1772400000.000,1688800000.000,1688400000.000,2001800000.000,1979100000.000,2093800000.000,2202700000.000,2150400000.000,2490700000.000,2497100000.000,2594000000.000,2676500000.000,2777000000.000,2677000000.000,2721300000.000,2918400000.000,2850300000.000,2617600000.000,2786100000.000,2912400000.000,2842700000.000,2708300000.000
ImpairmentOfInvestments,,,0.000,,,,,,,,,,,,,,,,,,,,,,,
ImpairmentOfLongLivedAssetsHeldForUse,,,,,,,,,,,,,2100000.000,,,,0.000,,,,,,,,,
IncomeLossFromContinuingOperations,,,,,,,,,,,,,691400000.000,731100000.000,630900000.000,506700000.000,865200000.000,859100000.000,654800000.000,180900000.000,,,,,,
IncomeLossFromContinuingOperationsBeforeIncomeTaxesExtraordinaryItemsNoncontrollingInterest,,,,,,,,,,,,,1130100000.000,1263700000.000,1087200000.000,887100000.000,1569100000.000,1558000000.000,1129600000.000,374300000.000,1312000000.000,1448300000.000,1136500000.000,658600000.000,1515000000.000,1205700000.000
IncomeLossFromContinuingOperationsBeforeIncomeTaxesMinorityInterestAndIncomeLossFromEquityMethodInvestments,1427100000.000,1007400000.000,1045200000.000,478200000.000,1309800000.000,1048600000.000,1025700000.000,481400000.000,1287100000.000,1210500000.000,882800000.000,459800000.000,1130100000.000,1263700000.000,1087200000.000,887100000.000,1569100000.000,1558000000.000,1129600000.000,374300000.000,1312000000.000,1448300000.000,1136500000.000,658600000.000,1515000000.000,1205700000.000
IncomeLossFromContinuingOperationsPerBasicShare,,,,,,,,,,,,,2.430,2.640,2.310,1.900,3.250,3.270,2.510,0.700,,,,,,
IncomeLossFromContinuingOperationsPerDilutedShare,,,,,,,,,,,,,2.370,2.560,2.220,1.810,3.090,3.130,2.430,0.730,,,,,,
IncomeLossFromDiscontinuedOperationsNetOfTax,,,,,,,,,,,,,9600000.000,0.000,0.000,0.000,0.000,0.000,0.000,0.000,,,,,,
IncomeLossFromDiscontinuedOperationsNetOfTaxPerBasicShare,,,,,,,,,,,,,0.030,0.000,0.000,0.000,0.000,0.000,0.000,0.000,,,,,,
IncomeLossFromDiscontinuedOperationsNetOfTaxPerDilutedShare,,,,,,,,,,,,,0.030,0.000,0.000,0.000,0.000,0.000,0.000,0.000,,,,,,
IncomeTaxExpenseBenefit,500500000.000,305800000.000,362000000.000,142900000.000,453300000.000,405000000.000,334500000.000,17200000.000,401900000.000,410400000.000,226600000.000,167000000.000,438700000.000,532600000.000,456300000.000,380400000.000,703900000.000,698900000.000,474800000.000,193400000.000,609000000.000,667700000.000,518700000.000,290200000.000,505100000.000,350400000.000
IncomeTaxReconciliationNondeductibleExpense,,,,,,,,,,,,,80500000.000,,,,113300000.000,,,,,,,,,
IncomeTaxReconciliationOtherAdjustments,,,,,,,,,,,,,,,,,,,,,,,,,20000000.000,5200000.000
IncreaseDecreaseInAccountsPayableAndAccruedLiabilities,-344100000.000,,,,-388300000.000,,,,-224000000.000,,,,-137300000.000,,,,-189400000.000,,,,10800000.000,,,,-223800000.000,
IncreaseDecreaseInAccruedIncomeTaxesPayable,443800000.000,,,,391000000.000,,,,435600000.000,,,,356000000.000,,,,635000000.000,,,,507700000.000,,,,,
IncreaseDecreaseInCollateralHeldUnderSecuritiesLending,,,,,-156600000.000,,,,12900000.000,,,,354900000.000,,,,508000000.000,,,,154400000.000,,,,154500000.000,
IncreaseDecreaseInIncomeTaxesPayableNetOfIncomeTaxesReceivable,,,,,,,,,,,,,,,,,,,,,,,,,659700000.000,
IncreaseDecreaseInInsuranceLiabilities,309400000.000,,,,-79000000.000,,,,70900000.000,,,,545600000.000,,,,382900000.000,,,,-27200000.000,,,,130100000.000,
IncreaseDecreaseInOtherOperatingAssets,160300000.000,,,,74300000.000,,,,58600000.000,,,,69500000.000,,,,191000000.000,,,,117400000.000,,,,205200000.000,
IncreaseDecreaseInOtherOperatingCapitalNet,11000000.000,,,,10000000.000,,,,10500000.000,,,,24500000.000,,,,-3200000.000,,,,700000.000,,,,46200000.000,
IncreaseDecreaseInOtherOperatingLiabilities,-67300000.000,,,,-2900000.000,,,,35100000.000,,,,107400000.000,,,,401100000.000,,,,39500000.000,,,,40300000.000,
IncreaseDecreaseInOutstandingChecksFinancingActivities,27900000.000,,,,23200000.000,,,,30400000.000,,,,75000000.000,,,,-105900000.000,,,,-113200000.000,,,,-168900000.000,
IncreaseDecreaseInReceivables,268200000.000,,,,302300000.000,,,,397700000.000,,,,616000000.000,,,,429600000.000,,,,170500000.000,,,,-276300000.000,
IncreaseDecreaseInSecuritiesLendingPayable,,,,,-156600000.000,,,,12800000.000,,,,354900000.000,,,,508100000.000,,,,154400000.000,,,,154500000.000,
IncreaseDecreaseInTradingSecurities,11900000.000,,,,21300000.000,,,,8200000.000,,,,14600000.000,,,,10100000.000,,,,5300000.000,,,,14800000.000,
IncreaseDecreaseInUnearnedPremiums,156600000.000,,,,697600000.000,,,,-31100000.000,,,,250000000.000,,,,-31800000.000,,,,-124200000.000,,,,954200000.000,
InsuranceServicesRevenue,14654800000.000,14879800000.000,15155100000.000,15175500000.000,15150200000.000,15173300000.000,15133700000.000,15271300000.000,17546300000.000,17597200000.000,17733000000.000,17314900000.000,17644800000.000,18230000000.000,18370700000.000,18776200000.000,18851400000.000,19758300000.000,19771400000.000,20023700000.000,20309400000.000,21274500000.000,21125200000.000,21484900000.000,22319500000.000,22198000000.000
InterestExpense,105900000.000,103600000.000,108200000.000,112600000.000,109100000.000,117600000.000,133600000.000,151500000.000,153500000.000,151900000.000,151500000.000,145800000.000,146200000.000,145600000.000,155300000.000,153600000.000,154400000.000,154100000.000,164800000.000,179700000.000,187100000.000,185700000.000,172900000.000,177300000.000,235000000.000,189900000.000
LiabilityForUnpaidClaimsAndClaimsAdjustmentExpenseClaimsPaidCurrentYear1,,,,,,,,,,,,,,,,,,,,,,,,,11772200000.000,
LiabilityForUnpaidClaimsAndClaimsAdjustmentExpenseClaimsPaidPriorYears1,,,,,,,,,,,,,,,,,,,,,,,,,5288900000.000,
LiabilityForUnpaidClaimsAndClaimsAdjustmentExpenseIncurredClaims1,,,,,,,,,,,,,,,,,,,,,,,,,17173900000.000,17561600000.000
NetCashProvidedByUsedInFinancingActivities,-785800000.000,,,,-1167000000.000,,,,-579100000.000,,,,-258600000.000,,,,311900000.000,,,,-353200000.000,,,,1234300000.000,
NetCashProvidedByUsedInFinancingActivitiesContinuingOperations,-785800000.000,,,,-1167000000.000,,,,-579100000.000,,,,-258600000.000,,,,311900000.000,,,,-353200000.000,,,,1234300000.000,
NetCashProvidedByUsedInInvestingActivities,282100000.000,,,,20100000.000,,,,-1195600000.000,,,,-744300000.000,,,,-2711600000.000,,,,-1391000000.000,,,,-1227000000.000,
NetCashProvidedByUsedInInvestingActivitiesContinuingOperations,282100000.000,,,,20100000.000,,,,-1195600000.000,,,,-744300000.000,,,,-2711600000.000,,,,-1391000000.000,,,,-1227000000.000,
NetCashProvidedByUsedInOperatingActivities,1114900000.000,,,,1223100000.000,,,,956900000.000,,,,1387500000.000,,,,1650500000.000,,,,1304300000.000,,,,2688200000.000,
NetCashProvidedByUsedInOperatingActivitiesContinuingOperations,1114900000.000,,,,1223100000.000,,,,956900000.000,,,,1387500000.000,,,,1650500000.000,,,,1304300000.000,,,,2688200000.000,
NetIncomeLoss,926600000.000,701600000.000,683200000.000,335300000.000,856500000.000,643600000.000,691200000.000,464200000.000,885200000.000,800100000.000,656200000.000,148200000.000,701000000.000,731100000.000,630900000.000,506700000.000,865200000.000,859100000.000,654800000.000,180900000.000,703000000.000,780600000.000,617800000.000,368400000.000,1009900000.000,855300000.000
NetInvestmentIncome,184800000.000,187800000.000,170900000.000,160200000.000,169000000.000,169400000.000,168600000.000,179100000.000,162000000.000,153200000.000,167600000.000,176300000.000,183700000.000,188500000.000,174400000.000,177800000.000,167600000.000,186700000.000,161200000.000,162100000.000,171100000.000,194900000.000,200900000.000,212600000.000,207200000.000,200200000.000
OperatingIncomeLoss,1350300000.000,946700000.000,972600000.000,512500000.000,1212600000.000,991700000.000,1003800000.000,431100000.000,1367600000.000,1231700000.000,1009400000.000,392700000.000,1118700000.000,1222900000.000,1191300000.000,885500000.000,1579300000.000,1512100000.000,1221900000.000,439800000.000,1570400000.000,1500200000.000,1078100000.000,653000000.000,1585400000.000,1227000000.000
OtherComprehensiveIncomeDefinedBenefitPlansAdjustmentNetOfTaxPeriodIncreaseDecrease,8300000.000,5400000.000,5300000.000,-138800000.000,6700000.000,6300000.000,6900000.000,,,,,,,,,,,,,,,,,,,
OtherComprehensiveIncomeDefinedBenefitPlansAdjustmentNetOfTaxPortionAttributableToParent,,,,,,,,,-6800000.000,-7000000.000,,,,,,,,,,,,,,,,
OtherComprehensiveIncomeForeignCurrencyTransactionAndTranslationAdjustmentNetOfTaxPeriodIncreaseDecrease,1000000.000,1400000.000,-1200000.000,-1000000.000,700000.000,-1400000.000,500000.000,,,,,,,,,,,,,,,,,,,
OtherComprehensiveIncomeForeignCurrencyTransactionAndTranslationAdjustmentNetOfTaxPortionAttributableToParent,,,,,,,,,-800000.000,300000.000,,,,,,,,,,,,,,,,
OtherComprehensiveIncomeLossAvailableForSaleSecuritiesAdjustmentNetOfTax,,,,,,,,,29700000.000,-404800000.000,-15000000.000,-17100000.000,120200000.000,108900000.000,-141000000.000,-52700000.000,39300000.000,-195400000.000,-161300000.000,-18700000.000,147100000.000,243400000.000,63400000.000,-267900000.000,94200000.000,116200000.000
OtherComprehensiveIncomeLossForeignCurrencyTransactionAndTranslationAdjustmentNetOfTax,,,,,,,,,-800000.000,300000.000,1200000.000,700000.000,-200000.000,-300000.000,-2400000.000,-1400000.000,-3500000.000,700000.000,400000.000,-1000000.000,1300000.000,-700000.000,400000.000,1100000.000,1400000.000,700000.000
OtherComprehensiveIncomeLossForeignCurrencyTranslationAdjustmentTax,,,,,,,,,-500000.000,300000.000,600000.000,-1000000.000,0.000,-100000.000,-1300000.000,3600000.000,-1900000.000,400000.000,200000.000,3100000.000,-700000.000,500000.000,-300000.000,-600000.000,-700000.000,-400000.000
OtherComprehensiveIncomeLossNetOfTax,,,,,,,,,43400000.000,-369700000.000,22400000.000,188000000.000,144200000.000,147600000.000,-141900000.000,-161200000.000,66000000.000,-237500000.000,-216600000.000,-76400000.000,-89800000.000,17500000.000,1000000.000,96000000.000,106100000.000,26900000.000
OtherComprehensiveIncomeLossNetOfTaxPeriodIncreaseDecrease,,,,,120100000.000,-22800000.000,174700000.000,,,,,,,,,,,,,,,,,,,
OtherComprehensiveIncomeLossNetOfTaxPortionAttributableToParent,,,,,,,,,43400000.000,-369700000.000,22400000.000,188000000.000,144200000.000,147600000.000,-141900000.000,-161200000.000,66000000.000,-237500000.000,-216600000.000,-76400000.000,-89800000.000,17500000.000,1000000.000,96000000.000,106100000.000,26900000.000
OtherComprehensiveIncomeLossPensionAndOtherPostretirementBenefitPlansAdjustmentNetOfTax,,,,,,,,,6800000.000,7000000.000,-4800000.000,-181700000.000,-2900000.000,-3000000.000,-3000000.000,127000000.000,-4700000.000,-4900000.000,-5600000.000,41200000.000,-3800000.000,-3800000.000,-3200000.000,24200000.000,-3900000.000,-4200000.000
OtherComprehensiveIncomeLossReclassificationAdjustmentForSaleOfSecuritiesIncludedInNetIncomeNetOfTax,,,,,,,,,4800000.000,27000000.000,31300000.000,49400000.000,,,,,,,,,,,,,,
OtherComprehensiveIncomeLossReclassificationAdjustmentForSaleOfSecuritiesIncludedInNetIncomeTax,,,,,,,,,2600000.000,14500000.000,16900000.000,-94600000.000,,,,,,,,,,,,,,
OtherComprehensiveIncomeLossReclassificationAdjustmentFromAOCIForSaleOfSecuritiesNetOfTax,,,,,,,,,,,,,-20100000.000,-35700000.000,-7700000.000,-19700000.000,-21100000.000,45800000.000,-20100000.000,-52800000.000,-25200000.000,33600000.000,58100000.000,1600000.000,14000000.000,15300000.000
OtherComprehensiveIncomeLossReclassificationAdjustmentFromAOCIForSaleOfSecuritiesTax,,,,,,,,,,,,,10800000.000,19200000.000,4200000.000,-79000000.000,11400000.000,24700000.000,-10900000.000,700000.000,13600000.000,-18100000.000,-31300000.000,-800000.000,-7500000.000,-8300000.000
OtherComprehensiveIncomeLossTax,,,,,,,,,10500000.000,-188100000.000,11400000.000,113100000.000,80900000.000,82500000.000,-85200000.000,-96500000.000,48300000.000,-131300000.000,-123700000.000,9600000.000,42000000.000,-32400000.000,-3100000.000,27000000.000,-46600000.000,-25800000.000
OtherComprehensiveIncomeUnrealizedGainLossOnDerivativesArisingDuringPeriodNetOfTax,400000.000,300000.000,-11300000.000,600000.000,600000.000,-200000.000,-1000000.000,700000.000,700000.000,800000.000,700000.000,800000.000,700000.000,800000.000,-5900000.000,800000.000,900000.000,900000.000,-76500000.000,29500000.000,-265500000.000,-190000000.000,-17200000.000,385400000.000,17000000.000,-79800000.000
OtherComprehensiveIncomeUnrealizedGainLossOnDerivativesArisingDuringPeriodTax,,,,,,,,,400000.000,400000.000,400000.000,400000.000,400000.000,400000.000,-3200000.000,500000.000,500000.000,500000.000,-41300000.000,15900000.000,142900000.000,102400000.000,9200000.000,-301500000.000,-2700000.000,36600000.000
OtherComprehensiveIncomeUnrealizedHoldingGainLossOnSecuritiesArisingDuringPeriodNetOfTax,12800000.000,85200000.000,-202300000.000,32700000.000,107300000.000,-27100000.000,168300000.000,-251700000.000,34500000.000,-377800000.000,16300000.000,32300000.000,140300000.000,144600000.000,-133300000.000,-33000000.000,60400000.000,-241200000.000,-141200000.000,-62300000.000,172300000.000,209800000.000,5300000.000,-269500000.000,80200000.000,100900000.000
OtherIncome,8700000.000,8500000.000,10400000.000,13400000.000,15900000.000,34800000.000,141000000.000,106000000.000,120600000.000,115700000.000,124300000.000,-320200000.000,9500000.000,9500000.000,10300000.000,12000000.000,13800000.000,12500000.000,8800000.000,8000000.000,9500000.000,10700000.000,9100000.000,5800000.000,5000000.000,6000000.000
OtherThanTemporaryImpairmentCreditLossesRecognizedInEarningsPeriodIncreaseDecrease,,,,,,,,,,,,,,,,,,,,,,,-9300000.000,,-3600000.000,-900000.000
OtherThanTemporaryImpairmentLossesInvestmentsAvailableforsaleSecurities,,11100000.000,28800000.000,,13700000.000,6500000.000,3800000.000,17200000.000,37900000.000,9000000.000,27100000.000,26600000.000,10800000.000,11700000.000,19400000.000,14300000.000,15400000.000,26200000.000,26600000.000,31700000.000,85200000.000,33800000.000,15100000.000,13000000.000,9600000.000,7300000.000
OtherThanTemporaryImpairmentLossesInvestmentsPortionInOtherComprehensiveIncomeLossBeforeTaxIncludingPortionAttributableToNoncontrollingInterestAvailableforsaleSecurities,,-2700000.000,-5900000.000,,-2800000.000,-600000.000,0.000,0.000,0.000,0.000,-900000.000,-800000.000,0.000,-800000.000,-5600000.000,-800000.000,-1400000.000,-4400000.000,-7500000.000,-3200000.000,-18300000.000,-8100000.000,-4100000.000,-1200000.000,-1500000.000,-100000.000
OtherThanTemporaryImpairmentLossesInvestmentsPortionInOtherComprehensiveIncomeLossNetOfTaxIncludingPortionAttributableToNoncontrollingInterestAvailableforsaleSecurities,,,2000000.000,,-4800000.000,400000.000,0.000,-100000.000,-2200000.000,0.000,600000.000,-100000.000,-500000.000,500000.000,3300000.000,600000.000,-3500000.000,2800000.000,4900000.000,1400000.000,1700000.000,5400000.000,,,,
OtherThanTemporaryImpairmentLossesInvestmentsPortionInOtherComprehensiveIncomeLossNetOfTaxPortionAttributableToParentAvailableforsaleSecurities,,,,,,,,,,,,,,,,,,,,,,,,,-3600000.000,-900000.000
OtherThanTemporaryImpairmentLossesInvestmentsPortionInOtherComprehensiveIncomeLossTaxIncludingPortionAttributableToNoncontrollingInterest,,,,,,,,,1200000.000,0.000,300000.000,-600000.000,300000.000,-300000.000,-1800000.000,-300000.000,1900000.000,-1500000.000,-2700000.000,-700000.000,1200000.000,2700000.000,,,,
OtherThanTemporaryImpairmentLossesInvestmentsPortionInOtherComprehensiveIncomeLossTaxIncludingPortionAttributableToNoncontrollingInterestAvailableforsaleSecurities,,,,,,,,,,,,,,,,,,,,,,,-4900000.000,,-2100000.000,-400000.000
OtherThanTemporaryImpairmentLossesInvestmentsPortionRecognizedInEarningsNet,,8400000.000,22900000.000,,10900000.000,5900000.000,3800000.000,17200000.000,37900000.000,9000000.000,26200000.000,25800000.000,10800000.000,10900000.000,13800000.000,13500000.000,14000000.000,21800000.000,19100000.000,28500000.000,66900000.000,25700000.000,11000000.000,11800000.000,8100000.000,7200000.000
PaymentsForDerivativeInstrumentInvestingActivities,,,,,,,,,,,,,46200000.000,,,,32000000.000,,,,600000.000,,,,,
PaymentsForHedgeFinancingActivities,,,,,,,,,,,,,,,,,12800000.000,,,,0.000,,,,,
PaymentsForLossesAndLossAdjustmentExpense,,,,,,,,,,,,,,,,,,,,,,,,,17061100000.000,
PaymentsForProceedsFromDerivativeInstrumentInvestingActivities,,,,,,,,,,,,,,,,,,,,,,,,,-400000.000,
PaymentsForProceedsFromOtherInvestingActivities,13400000.000,,,,600000.000,,,,0.000,,,,100000.000,,,,0.000,,,,,,,,-11800000.000,
PaymentsForRepurchaseOfCommonStock,741600000.000,,,,679800000.000,,,,340200000.000,,,,1262800000.000,,,,774100000.000,,,,0.000,,,,50700000.000,
PaymentsOfDividends,92800000.000,,,,95800000.000,93500000.000,90700000.000,87100000.000,113400000.000,112700000.000,111400000.000,110500000.000,123400000.000,120500000.000,119200000.000,117600000.000,166600000.000,163900000.000,163000000.000,163100000.000,170700000.000,170900000.000,171100000.000,171300000.000,172200000.000,171800000.000
PaymentsRelatedToTaxWithholdingForShareBasedCompensation,,,,,,,,,,,,,,,,,,,,,,,,,41900000.000,
PaymentsToAcquireAvailableForSaleSecuritiesDebt,2965000000.000,,,,3252400000.000,,,,3955500000.000,,,,3084800000.000,,,,3273300000.000,,,,3287100000.000,,,,4030100000.000,
PaymentsToAcquireAvailableForSaleSecuritiesEquity,133800000.000,,,,100400000.000,,,,109800000.000,,,,228600000.000,,,,1051500000.000,,,,747100000.000,,,,367000000.000,
PaymentsToAcquireBusinessesNetOfCashAcquired,,,,,1200000.000,,,,0.000,,,,,,,,635800000.000,,,,0.000,,,,,
PaymentsToAcquireOtherInvestments,34200000.000,,,,34700000.000,,,,127500000.000,,,,35400000.000,,,,48100000.000,,,,146400000.000,,,,73700000.000,
PaymentsToAcquirePropertyPlantAndEquipment,101900000.000,,,,123800000.000,,,,107500000.000,,,,135700000.000,,,,88800000.000,,,,117500000.000,,,,127900000.000,
PolicyholderBenefitsAndClaimsIncurredNet,11228000000.000,11922000000.000,12062900000.000,12434600000.000,11771900000.000,12093100000.000,11984800000.000,12363800000.000,13748700000.000,13832600000.000,14075000000.000,14580800000.000,13664600000.000,14121300000.000,14211100000.000,14857900000.000,14126900000.000,15205400000.000,15469100000.000,16315500000.000,15538800000.000,16805200000.000,16922500000.000,17567900000.000,17542800000.000,17917200000.000
PremiumsEarnedNet,13684100000.000,13913600000.000,14181600000.000,14190300000.000,14138500000.000,14161000000.000,14037100000.000,14160100000.000,16435600000.000,16493000000.000,16580900000.000,16609600000.000,16517000000.000,17068900000.000,17226000000.000,17577900000.000,17610500000.000,18516300000.000,18513000000.000,18745300000.000,18988900000.000,19948000000.000,19786100000.000,20137100000.000,20951300000.000,20813100000.000
ProceedsFromDivestitureOfBusinesses,,,,,,,,,,,,,740000000.000,,,,0.000,,,,,,,,,
ProceedsFromFederalHomeLoanBankAdvances,,,,,100000000.000,,,,,,,,,,,,,,,,,,,,,
ProceedsFromHedgeFinancingActivities,,,,,,,,,,,,,,,,,12700000.000,,,,0.000,,,,,
ProceedsFromMaturitiesPrepaymentsAndCallsOfAvailableForSaleSecurities,790800000.000,,,,477600000.000,,,,490800000.000,,,,284300000.000,,,,270400000.000,,,,249300000.000,,,,522700000.000,
ProceedsFromRepaymentsOfCommercialPaper,,,,,37800000.000,,,,260300000.000,,,,379400000.000,,,,638800000.000,,,,-77300000.000,,,,1719100000.000,
ProceedsFromSaleAndMaturityOfOtherInvestments,7600000.000,,,,3800000.000,,,,7600000.000,,,,25600000.000,,,,15000000.000,,,,99300000.000,,,,76500000.000,
ProceedsFromSaleOfAvailableForSaleSecurities,2620400000.000,,,,2894500000.000,,,,2619200000.000,2300000000.000,5411600000.000,3332000000.000,2401400000.000,2560000000.000,2038200000.000,3256300000.000,2925900000.000,3234800000.000,2703300000.000,2915800000.000,3062100000.000,2480500000.000,2921200000.000,3488500000.000,3514000000.000,2941800000.000
ProceedsFromSaleOfAvailableForSaleSecuritiesDebt,2545500000.000,,,,2731500000.000,,,,2531800000.000,,,,2061200000.000,,,,2065000000.000,,,,2507000000.000,,,,2851800000.000,
ProceedsFromSaleOfAvailableForSaleSecuritiesEquity,74900000.000,,,,163700000.000,,,,87400000.000,,,,30300000.000,,,,575500000.000,,,,206500000.000,,,,63000000.000,
ProceedsFromShortTermDebt,100000000.000,,,,100000000.000,,,,100000000.000,,,,970000000.000,,,,850000000.000,,,,980000000.000,,,,1170000000.000,
ProceedsFromStockOptionsExercised,47500000.000,,,,35700000.000,,,,23700000.000,,,,130100000.000,,,,109300000.000,,,,50900000.000,,,,103500000.000,
RealizedInvestmentGainsLosses,57100000.000,41500000.000,94900000.000,41600000.000,106900000.000,70500000.000,54600000.000,102900000.000,16800000.000,54200000.000,95400000.000,105500000.000,41700000.000,65800000.000,25700000.000,43800000.000,46500000.000,92300000.000,-11900000.000,30600000.000,-125100000.000,,,,,
RepaymentsOfLongTermDebt,700800000.000,,,,350800000.000,,,,556900000.000,,,,24200000.000,,,,16400000.000,,,,0.000,,,,401100000.000,
RepaymentsOfShortTermDebt,100000000.000,,,,100000000.000,,,,0.000,,,,780000000.000,,,,800000000.000,,,,980000000.000,,,,1070000000.000,
RepaymentsOfUnsecuredDebt,,,,,,,,,,,,,,17900000.000,,,,,,,,,,,,
Revenues,14894300000.000,15100700000.000,15398000000.000,15317700000.000,15415200000.000,15407300000.000,15353100000.000,15536100000.000,17687200000.000,17795600000.000,17969800000.000,17570900000.000,17859400000.000,18473400000.000,18557000000.000,18984300000.000,19051500000.000,20015500000.000,19901600000.000,20187900000.000,20288500000.000,21456200000.000,21403900000.000,21714400000.000,22525900000.000,22407200000.000
SalesRevenueNet,14643700000.000,14862900000.000,15121800000.000,15102500000.000,15123400000.000,15132600000.000,14988900000.000,15148100000.000,17387800000.000,17472500000.000,17582500000.000,17609300000.000,17624500000.000,18209600000.000,18346600000.000,18750700000.000,18823600000.000,19724000000.000,19743500000.000,19987200000.000,20233000000.000,21250600000.000,21193900000.000,21496000000.000,22313700000.000,22201000000.000
SalesRevenueServicesNet,,957700000.000,963100000.000,,995800000.000,977500000.000,955600000.000,1005200000.000,990100000.000,988500000.000,1027800000.000,1025500000.000,1118300000.000,1151600000.000,1134400000.000,1186300000.000,1227100000.000,1229500000.000,1249600000.000,1270400000.000,1311000000.000,1315800000.000,1330000000.000,1342000000.000,1363200000.000,1378900000.000
SellingExpense,397000000.000,405600000.000,403000000.000,411200000.000,393300000.000,393000000.000,390200000.000,410400000.000,385900000.000,376700000.000,377300000.000,387000000.000,370800000.000,388700000.000,374300000.000,356300000.000,368200000.000,363800000.000,359100000.000,350000000.000,349900000.000,351500000.000,338500000.000,351600000.000,348600000.000,345500000.000
SellingGeneralAndAdministrativeExpense,2076500000.000,2011100000.000,2119600000.000,2228400000.000,2165700000.000,2081800000.000,2078600000.000,2412200000.000,2365000000.000,2470500000.000,2580000000.000,2537400000.000,2861500000.000,2885800000.000,2968300000.000,3032800000.000,3145200000.000,3040800000.000,3080400000.000,3268400000.000,3200200000.000,2969100000.000,3124600000.000,3264000000.000,3191300000.000,3053800000.000
ShareBasedCompensation,22600000.000,,,,32500000.000,,,,21500000.000,,,,38800000.000,,,,27100000.000,,,,37600000.000,,,,42700000.000,
ShareBasedCompensationArrangementByShareBasedPaymentAwardEquityInstrumentsOtherThanOptionsForfeitedInPeriod,200000.000,,,,-100000.000,,,,-300000.000,,,,300000.000,,,,0.000,,,,100000.000,,,,0.000,
ShareBasedCompensationArrangementByShareBasedPaymentAwardEquityInstrumentsOtherThanOptionsForfeituresWeightedAverageGrantDateFairValue,,,,,,,,,65.790,,,,63.330,,,,0.000,,,,116.340,,,,133.090,
ShareBasedCompensationArrangementByShareBasedPaymentAwardEquityInstrumentsOtherThanOptionsGrantsInPeriod,1600000.000,,,,1700000.000,,,,2100000.000,,,,1300000.000,,,,900000.000,,,,1000000.000,,,,500000.000,100000.000
ShareBasedCompensationArrangementByShareBasedPaymentAwardEquityInstrumentsOtherThanOptionsGrantsInPeriodWeightedAverageGrantDateFairValue,65.930,,,,66.230,,,,61.810,,,,89.430,,,,146.850,,,,131.830,,,,166.940,
ShareBasedCompensationArrangementByShareBasedPaymentAwardEquityInstrumentsOtherThanOptionsVestedInPeriod,1700000.000,,,,-2000000.000,,,,-300000.000,,,,1500000.000,,,,1500000.000,,,,1200000.000,,,,700000.000,
ShareBasedCompensationArrangementByShareBasedPaymentAwardEquityInstrumentsOtherThanOptionsVestedInPeriodWeightedAverageGrantDateFairValue,43.320,,,,48.440,,,,59.010,,,,64.150,,,,72.130,,,,82.630,,,,109.020,
ShareBasedCompensationArrangementByShareBasedPaymentAwardFairValueAssumptionsExpectedDividendRate,0.004,,,,0.004,,,,0.006,,,,0.005,,,,0.004,,,,0.005,,,,0.004,
ShareBasedCompensationArrangementByShareBasedPaymentAwardFairValueAssumptionsExpectedTerm,4.000,,,,4.100,,,,,,,,,,,,,,,,,,,,,
ShareBasedCompensationArrangementByShareBasedPaymentAwardFairValueAssumptionsExpectedVolatilityRate,0.340,,,,0.340,,,,0.350,,,,0.350,,,,0.310,,,,0.320,,,,0.320,
ShareBasedCompensationArrangementByShareBasedPaymentAwardFairValueAssumptionsRiskFreeInterestRate,0.028,,,,0.014,,,,0.013,,,,0.022,,,,0.020,,,,0.018,,,,0.023,
ShareBasedCompensationArrangementByShareBasedPaymentAwardOptionsExercisableWeightedAverageRemainingContractualTerm,4.000,,,,3.400,,,,,,,,,,,,,,,,,,,,,
ShareBasedCompensationArrangementByShareBasedPaymentAwardOptionsExercisesInPeriod,1200000.000,,,,,,,,,,,,,,,,,,,,,,,,,
ShareBasedCompensationArrangementByShareBasedPaymentAwardOptionsForfeituresAndExpirationsInPeriod,800000.000,,,,-200000.000,,,,-900000.000,,,,100000.000,,,,100000.000,,,,100000.000,,,,100000.000,
ShareBasedCompensationArrangementByShareBasedPaymentAwardOptionsForfeituresAndExpirationsInPeriodWeightedAverageExercisePrice,62.030,,,,66.400,,,,71.000,,,,62.710,,,,77.920,,,,90.690,,,,107.370,
ShareBasedCompensationArrangementByShareBasedPaymentAwardOptionsGrantsInPeriod,1500000.000,,,,1700000.000,,,,1900000.000,,,,1700000.000,,,,1200000.000,,,,1400000.000,,,,1100000.000,
ShareBasedCompensationArrangementByShareBasedPaymentAwardOptionsGrantsInPeriodWeightedAverageGrantDateFairValue,,,,,16.510,,,,14.510,,,,22.200,,,,33.950,,,,30.550,,,,40.730,
ShareBasedCompensationArrangementByShareBasedPaymentAwardOptionsOutstandingWeightedAverageRemainingContractualTerm,4.400,,,,,,,,,,,,,,,,,,,,,,,,,
ShareBasedCompensationArrangementsByShareBasedPaymentAwardOptionsExercisesInPeriodWeightedAverageExercisePrice,,,,,,,,,41.150,,,,66.390,,,,67.750,,,,54.200,,,,83.140,
ShareBasedCompensationArrangementsByShareBasedPaymentAwardOptionsGrantsInPeriodWeightedAverageExercisePrice,,,,,,,,,61.880,,,,89.440,,,,146.930,,,,131.830,,,,166.950,
StockIssuedDuringPeriodSharesStockOptionsExercised,,,,,-1300000.000,,,,-600000.000,,,,2000000.000,,,,1500000.000,,,,800000.000,,,,1100000.000,
StockIssuedDuringPeriodValueStockOptionsExercised,47500000.000,,,,40100000.000,,,,48400000.000,,,,142000000.000,,,,106600000.000,,,,60600000.000,,,,99900000.000,
StockRepurchaseProgramRemainingAuthorizedRepurchaseAmount,,,,,3653900000.000,,,,1496600000.000,,,,2428200000.000,,,,4917600000.000,,,,,,,,,
StockRepurchasedAndRetiredDuringPeriodShares,11400000.000,,,,,,,,,,,,6600000.000,,,,5700000.000,,,,,,,,300000.000,
StockRepurchasedAndRetiredDuringPeriodValue,741600000.000,,,,,,,,,,,,,,,,774100000.000,,,,,,,,50700000.000,
StockRepurchasedDuringPeriodShares,,,,,10200000.000,,,,5500000.000,,,,14300000.000,,,,,,,,,,,,,
StockRepurchasedDuringPeriodValue,,,,,679800000.000,,,,343500000.000,,,,1262800000.000,,,,,,,,,,,,,
SupplementalInformationForPropertyCasualtyInsuranceUnderwritersCurrentYearClaimsAndClaimsAdjustmentExpense,,,,,,,,,,,,,,,,,,,,,,,,,17968500000.000,
SupplementalInformationForPropertyCasualtyInsuranceUnderwritersPriorYearClaimsAndClaimsAdjustmentExpense,,,,,,,,,,,,,,,,,,,,,,,,,794600000.000,
SupplementaryInsuranceInformationOtherOperatingExpense,,,,,,,,,,,,,,,,,,,,,,,,,,355600000.000
UnrealizedGainLossOnCashFlowHedgingInstruments,,,,,,,,,-53000000.000,,,,-48600000.000,,,,-53800000.000,,,,-533200000.000,,,,-239400000.000,
WeightedAverageNumberDilutedSharesOutstandingAdjustment,5300000.000,5400000.000,4400000.000,-10200000.000,4000000.000,3500000.000,3000000.000,-7200000.000,2700000.000,3700000.000,7100000.000,-8200000.000,7700000.000,9200000.000,11100000.000,-18000000.000,13800000.000,11200000.000,7900000.000,-23000000.000,5700000.000,5200000.000,4900000.000,-10600000.000,6000000.000,6200000.000
WeightedAverageNumberOfDilutedSharesOutstanding,379300000.000,371500000.000,360400000.000,-746100000.000,339000000.000,331200000.000,321900000.000,-667300000.000,305900000.000,303200000.000,304500000.000,-609800000.000,292600000.000,286000000.000,284100000.000,-576800000.000,280400000.000,274300000.000,269200000.000,-551000000.000,267500000.000,268200000.000,268100000.000,-535700000.000,270400000.000,270800000.000
WeightedAverageNumberOfSharesOutstandingBasic,374000000.000,366100000.000,356000000.000,-735900000.000,335000000.000,327700000.000,318900000.000,-660100000.000,303200000.000,299500000.000,297400000.000,-601600000.000,284900000.000,276800000.000,273000000.000,-558800000.000,266600000.000,263100000.000,261300000.000,-528000000.000,261800000.000,263000000.000,263200000.000,-525100000.000,264400000.000,264600000.000
