,2013-09-30,2014-03-31,2014-06-30,2014-09-30,2014-12-31,2015-03-31,2015-06-30,2015-09-30,2015-12-31,2016-03-31,2016-06-30,2016-09-30,2016-12-31,2017-03-31
AdjustmentsToAdditionalPaidInCapitalSharebasedCompensationRequisiteServicePeriodRecognitionValue,,,,,,,,,,808000.000,,,,1507000.000
AllocatedShareBasedCompensationExpense,135000.000,489000.000,518000.000,487000.000,567000.000,,,,,,,,,
AmortizationOfIntangibleAssets,,,,,,100000000.000,102000.000,104000.000,-99795000.000,110000.000,112000.000,115000.000,163000.000,100000.000
AntidilutiveSecuritiesExcludedFromComputationOfEarningsPerShareAmount,1357000.000,0.000,0.000,0.000,0.000,416.000,,,,839000.000,0.000,,,
BasicEarningsPerShareProForma,0.040,,,,,,,,,,,,,
CashAndCashEquivalentsPeriodIncreaseDecrease,,30405000.000,,,,-22266000.000,,,,17454000.000,,,,9448000.000
ComprehensiveIncomeNetOfTax,456000.000,-194000.000,2058000.000,1462000.000,518000.000,-698000.000,6208000.000,1691000.000,1959000.000,-412000.000,-353000.000,19059000.000,11763000.000,24246000.000
CostOfGoodsAndServicesSoldDepreciation,,,,,,,,1500000.000,,1900000.000,2000000.000,2100000.000,,2600000.000
CostOfGoodsSold,14445000.000,16206000.000,21462000.000,24403000.000,24132000.000,20183000.000,32901000.000,39032000.000,37334000.000,36169000.000,37952000.000,46976000.000,52662000.000,54752000.000
CumulativeEffectOnRetainedEarningsTax1,,,,,,,,,,,,,,-1207000.000
DeferredCompensationArrangementWithIndividualCompensationExpense,,14000.000,,,,,,,,,,,,
Depreciation,900000.000,1200000.000,1300000.000,1600000.000,1700000.000,1900000.000,2200000.000,2300000.000,2600000.000,2800000.000,3300000.000,3600000.000,4000000.000,4200000.000
DepreciationAndAmortization,,1239000.000,,,,2034000.000,,,,2957000.000,,,,4302000.000
DilutedEarningsPerShareProForma,0.040,,,,,,,,,,,,,
EarningsPerShareBasic,0.040,0.010,0.130,0.110,0.050,-0.050,0.410,0.170,0.160,-0.080,0.040,1.030,0.830,1.060
EarningsPerShareDiluted,0.040,0.010,0.120,0.100,0.050,-0.050,0.380,0.160,0.160,-0.080,0.030,0.970,0.840,1.000
EffectOfExchangeRateOnCash,,54000.000,,,,-276000.000,,,,-264000.000,,,,1043000.000
ForeignCurrencyTransactionGainLossBeforeTax,,,,,,,,-3160000.000,,,,,,-572000.000
ForeignCurrencyTransactionGainLossRealized,57000.000,66000.000,4000.000,-17000.000,244000.000,319000.000,-160000.000,393000.000,169000.000,-78000.000,-835000.000,-3387000.000,,
ForeignCurrencyTransactionGainLossUnrealized,-65000.000,-185000.000,183000.000,-203000.000,-1094000.000,43000.000,847000.000,,,410000.000,-42000.000,3318000.000,,
GainLossOnDispositionOfAssets,,1000.000,,,,-10000.000,,,,-4000.000,,,,-49000.000
GainLossOnDispositionOfAssets1,0.000,1000.000,-3000.000,-27000.000,17000.000,-10000.000,0.000,-3000.000,-65000.000,-4000.000,-81000.000,-4000.000,-37000.000,-49000.000
GainLossRecognizedOnAssetsTransferredToSeparateAccount,,,,,,,,,,,,3000000.000,,
GeneralAndAdministrativeExpense,2436000.000,3554000.000,3952000.000,4458000.000,5131000.000,5003000.000,4534000.000,4963000.000,5271000.000,5733000.000,5906000.000,6445000.000,7443000.000,7822000.000
GrossProfit,6321000.000,8653000.000,11188000.000,12146000.000,12259000.000,10051000.000,16731000.000,18053000.000,15618000.000,14253000.000,17302000.000,23161000.000,32238000.000,41472000.000
IncomeLossFromContinuingOperationsBeforeIncomeTaxesExtraordinaryItemsNoncontrollingInterest,,,,,,,,,,,,6404000.000,,23443000.000
IncomeTaxExpenseBenefit,0.000,25000.000,85000.000,77000.000,12000.000,0.000,135000.000,406000.000,-166000.000,-192000.000,52000.000,-11332000.000,1241000.000,3654000.000
IncomeTaxesPaidNet,,26000.000,,,,75000.000,,,,0.000,,,,
IncreaseDecreaseInAccountsAndOtherReceivables,,0.000,,,,-326000.000,,,,,,,,
IncreaseDecreaseInAccountsPayable,,4048000.000,,,,-5263000.000,,,,-3584000.000,,,,10241000.000
IncreaseDecreaseInAccountsReceivable,,1829000.000,,,,-1643000.000,,,,-3945000.000,,,,16599000.000
IncreaseDecreaseInAccruedIncomeTaxesPayable,,,,,,,,,,,,,,3042000.000
IncreaseDecreaseInAccruedLiabilities,,-406000.000,,,,-647000.000,,,,-2238000.000,,,,-4221000.000
IncreaseDecreaseInDeferredCharges,,8000.000,,,,956000.000,,,,1706000.000,,,,1434000.000
IncreaseDecreaseInDeferredIncomeTaxes,,,,,,,,,,,,,,612000.000
IncreaseDecreaseInInventories,,4822000.000,,,,10543000.000,,,,-6210000.000,,,,4294000.000
IncreaseDecreaseInOtherCurrentAssets,,46000.000,,,,1764000.000,,,,-1415000.000,,,,5118000.000
IncreaseDecreaseInRestrictedCash,,73000.000,,,,537000.000,,,,240000.000,,,,-871000.000
IncreaseDecreaseInRestrictedCashAndInvestmentsForOperatingActivities,,,,,,,,,,0.000,,,,-8000.000
IncrementalCommonSharesAttributableToCallOptionsAndWarrants,160000.000,996.000,856000.000,789.000,22215.000,0.000,936000.000,825000.000,-855000.000,0.000,,,,1104000.000
IncrementalCommonSharesAttributableToContingentlyIssuableShares,39000.000,,,,,,,,,,,,,
InterestAndOtherIncome,,-79000.000,106000.000,95000.000,247000.000,74000.000,80000.000,82000.000,92000.000,101000.000,65000.000,40000.000,,
InterestExpense,323000.000,-162000.000,60000.000,55000.000,373000.000,125000.000,300000.000,351000.000,242000.000,401000.000,450000.000,462000.000,404000.000,299000.000
InterestIncomeOther,15000.000,,,,,,,,,,,,,
InterestPaidNet,,164000.000,,,,136000.000,,,,386000.000,,,,225000.000
InventoryLIFOReservePeriodCharge,,200000.000,500000.000,,,600000.000,700000.000,900000.000,,400000.000,1500000.000,900000.000,900000.000,500000.000
InventoryWriteDown,,272000.000,,,,565000.000,,,,407000.000,,,,476000.000
InvestmentIncomeInterest,,,,,,,,,,,,,,35000.000
NetCashProvidedByUsedInFinancingActivities,,40030000.000,,,,8215000.000,,,,26478000.000,,,,7650000.000
NetCashProvidedByUsedInFinancingActivitiesContinuingOperations,,40030000.000,,,,8215000.000,,,,26478000.000,,,,7650000.000
NetCashProvidedByUsedInInvestingActivities,,-8708000.000,,,,-16407000.000,,,,-17668000.000,,,,-8921000.000
NetCashProvidedByUsedInInvestingActivitiesContinuingOperations,,-8708000.000,,,,-16407000.000,,,,-17668000.000,,,,-8921000.000
NetCashProvidedByUsedInOperatingActivities,,-971000.000,,,,-13798000.000,,,,8908000.000,,,,9676000.000
NetCashProvidedByUsedInOperatingActivitiesContinuingOperations,,-971000.000,,,,-13798000.000,,,,8908000.000,,,,9676000.000
NetIncomeLoss,390000.000,85000.000,1919000.000,1577000.000,702000.000,-675000.000,6089000.000,2700000.000,2679000.000,-1330000.000,603000.000,17736000.000,14225000.000,19789000.000
NetIncomeLossAvailableToCommonStockholdersBasic,,,,,,,,,,,,,,19789000.000
NonoperatingIncomeExpense,,,274000.000,-218000.000,,641000.000,335000.000,-3016000.000,,34000.000,-1317000.000,-356000.000,,
OperatingExpenses,5681000.000,8433000.000,9458000.000,10274000.000,10943000.000,11367000.000,10842000.000,11931000.000,12864000.000,15809000.000,15330000.000,16401000.000,16394000.000,17157000.000
OperatingIncomeLoss,640000.000,220000.000,1730000.000,1872000.000,1316000.000,-1316000.000,5889000.000,6122000.000,2754000.000,-1556000.000,1972000.000,6760000.000,15844000.000,24315000.000
OtherComprehensiveIncomeForeignCurrencyTransactionAndTranslationGainLossArisingDuringPeriodNetOfTax,,,,,,,,,,,,,,4457000.000
OtherComprehensiveIncomeLossForeignCurrencyTransactionAndTranslationAdjustmentBeforeTax,66000.000,-279000.000,139000.000,-115000.000,,-23000.000,119000.000,-1009000.000,,918000.000,-956000.000,1323000.000,,4457000.000
OtherNonoperatingExpense,250000.000,110000.000,,,,,,,,,,,,
OtherNonoperatingGainsLosses,-9000.000,11000.000,16000.000,-11000.000,28000.000,141000.000,-132000.000,20000.000,88000.000,6000.000,6000.000,14000.000,6000.000,13000.000
OtherNonoperatingIncomeExpense,73000.000,27000.000,228000.000,-258000.000,-696000.000,692000.000,555000.000,413000.000,-3251000.000,334000.000,-932000.000,66000.000,-1485000.000,-872000.000
PaymentsRelatedToTaxWithholdingForShareBasedCompensation,,,,,,,,,,,,,,366000.000
PaymentsToAcquireIntangibleAssets,,3065000.000,,,,94000.000,,,,168000.000,,,,108000.000
PaymentsToAcquirePropertyPlantAndEquipment,,,,,,,,,,16215000.000,,,,7554000.000
PaymentsToAcquireShortTermInvestments,,,,,,31000.000,,,,35000.000,,,,
ProFormaWeightedAverageSharesOutstandingDiluted,9194000.000,,,,,,,,,,,,,
ProceedsFromBankDebt,,2307000.000,,,,1267000.000,,,,1411000.000,,,,
ProceedsFromIssuanceOfCommonStock,,45671000.000,,,,0.000,,,,,,,,21572000.000
ProceedsFromIssuanceOfDebt,,3150000.000,,,,0.000,,,,20311000.000,,,,
ProceedsFromLinesOfCredit,,5788000.000,,,,25091000.000,,,,31149000.000,,,,
ProceedsFromMaturitiesPrepaymentsAndCallsOfShorttermInvestments,,,,,,,,,,,,,,2000.000
ProceedsFromSaleOfPropertyPlantAndEquipment,,12000.000,,,,0.000,,,,456000.000,,,,165000.000
ProceedsFromStockOptionsExercised,,107000.000,,,,77000.000,,,,85000.000,,,,623000.000
ProceedsFromWarrantExercises,,0.000,,,,,,,,,,,,
ProfitLoss,390000.000,110000.000,2004000.000,1654000.000,,-675000.000,6224000.000,3106000.000,,-1522000.000,655000.000,,,
PropertyPlantAndEquipmentAdditions,,-5647000.000,,,,-6333000.000,,,,,,,,
RepaymentsOfBankDebt,,1940000.000,,,,1086000.000,,,,2007000.000,,,,307000.000
RepaymentsOfDebt,,26000.000,,,,94000.000,,,,867000.000,,,,14743000.000
RepaymentsOfLinesOfCredit,,14954000.000,,,,16253000.000,,,,23114000.000,,,,
RepaymentsOfRelatedPartyDebt,,,,,,250000.000,,,,250000.000,,,,
ResearchAndDevelopmentExpense,2211000.000,3546000.000,4009000.000,4194000.000,4221000.000,4805000.000,4701000.000,5386000.000,5960000.000,8396000.000,7814000.000,8362000.000,7208000.000,7432000.000
Revenues,20766000.000,24859000.000,32650000.000,36549000.000,36391000.000,30234000.000,49632000.000,57085000.000,52952000.000,50422000.000,55254000.000,70137000.000,84900000.000,96224000.000
SalesRevenueNet,20766000.000,24859000.000,32650000.000,36549000.000,36391000.000,30234000.000,49632000.000,57085000.000,52952000.000,50422000.000,55254000.000,70137000.000,84900000.000,96224000.000
SellingAndMarketingExpense,1034000.000,1333000.000,1497000.000,1622000.000,1591000.000,1559000.000,1607000.000,1582000.000,1633000.000,1680000.000,1610000.000,1594000.000,1743000.000,1903000.000
ShareBasedCompensation,,489000.000,,,,516000.000,533000.000,517000.000,554000.000,808000.000,975000.000,1047000.000,1003000.000,1507000.000
ShareBasedCompensationArrangementByShareBasedPaymentAwardOptionsExpirationsInPeriod,,1000.000,,,,,,,,,,,,
ShareBasedCompensationArrangementByShareBasedPaymentAwardOptionsForfeituresAndExpirationsInPeriod,,9000.000,,,,16000.000,,,,,,,,
ShareBasedCompensationArrangementByShareBasedPaymentAwardOptionsGrantsInPeriod,,108000.000,,,,,,,,,,,,
ShareBasedCompensationArrangementsByShareBasedPaymentAwardOptionsExercisesInPeriodWeightedAverageExercisePrice,,5.904,,,,7.050,,,,,,,,
ShareBasedCompensationArrangementsByShareBasedPaymentAwardOptionsExpirationsInPeriodWeightedAverageExercisePrice,,6.000,,,,,,,,,,,,
ShareBasedCompensationArrangementsByShareBasedPaymentAwardOptionsForfeituresInPeriodWeightedAverageExercisePrice,,7.762,,,,9.930,,,,,,,,
ShareBasedCompensationArrangementsByShareBasedPaymentAwardOptionsGrantsInPeriodWeightedAverageExercisePrice,,13.840,,,,,,,,,,,,
SharebasedCompensationArrangementBySharebasedPaymentAwardAwardVestingRightsPercentage,,,,,,,,,,,,,,0.125
SharebasedCompensationArrangementBySharebasedPaymentAwardOptionsNonvestedOptionsForfeitedWeightedAverageGrantDateFairValue,,,,,,5.320,,,,,,,,
StockIssuedDuringPeriodSharesNewIssues,,2000000.000,,,,,,,,,,,,
StockIssuedDuringPeriodSharesStockOptionsExercised,,70000.000,,,,11000.000,,,,,,,,
StockIssuedDuringPeriodValueNewIssues,,,,,,,,,,,,,,21572000.000
StockIssuedDuringPeriodValueShareBasedCompensation,,,,,,,,,,,,,,-366000.000
StockIssuedDuringPeriodValueStockOptionsExercised,,,,,,,,,,85000.000,,,,623000.000
UnrealizedGainLossOnForeignCurrencyDerivativesNetBeforeTax,,,,,,,,,,314000.000,,,,-110000.000
WeightedAverageBasicSharesOutstandingProForma,9034000.000,,,,,,,,,,,,,
WeightedAverageNumberDilutedSharesOutstandingAdjustment,9155000.000,,,,,,,,,,364000.000,1210000.000,,
WeightedAverageNumberOfDilutedSharesOutstanding,9155000.000,13787580.000,15641694.000,15594544.000,-29836857.000,14844211.000,15871745.000,16693656.000,-30876762.000,16930261.000,17454552.000,18360531.000,-35032416.000,19702047.000
WeightedAverageNumberOfSharesContingentlyIssuable,8995000.000,,,,,,,,,,,,,
WeightedAverageNumberOfSharesOutstandingBasic,8995000.000,12792322.000,14785437.000,14805668.000,-28075950.000,14844211.000,14936442.000,15868989.000,-30022889.000,16930261.000,17090750.000,17151031.000,-33970311.000,18597607.000
