,2011-06-30,2011-09-30,2012-03-31,2012-06-30,2012-09-30,2012-12-31,2013-03-31,2013-06-30,2013-09-30,2013-12-31,2014-03-31,2014-06-30,2014-09-30,2014-12-31,2015-03-31,2015-06-30,2015-09-30,2015-12-31,2016-03-31,2016-06-30,2016-09-30,2016-12-31,2017-03-31
AccretionAmortizationOfDiscountsAndPremiumsInvestments,,,-10710.000,,,,,,,,,,,,,,,,,,,,
AllocatedShareBasedCompensationExpense,,,,,,,,,442328.000,,399454.000,424382.000,689232.000,518932.000,,,,,659000.000,647000.000,645000.000,692000.000,461000.000
AllocatedShareBasedCompensationExpenseNetOfTax,,,,336824.000,359543.000,,351556.000,365137.000,,,,,,,,,,,,,,,
AmortizationOfFinancingCostsAndDiscounts,,,,,,,,,,,,,,,,,,,169000.000,,,,104000.000
BusinessAcquisitionEquityInterestsIssuedOrIssuableNumberOfSharesIssued,,,,,,,250000.000,,,,,,,,,,,,,,,,
BusinessAcquisitionsProFormaIncomeLossFromContinuingOperationsBeforeChangesInAccountingAndExtraordinaryItemsNetOfTax,,,,,,,,,,,-7532447.000,,,,,,,,,,,,
BusinessAcquisitionsProFormaNetIncomeLoss,,,,,,,,,,,-7516795.000,,,,,,,,,,,,
CapitalExpendituresIncurredButNotYetPaid,,,,,,,,,,,,,,,2000.000,,,,,,,,
CapitalLeaseObligationsIncurred,,,,,,,,,,,,,,,33000.000,,,,,,,,
CashAcquiredFromAcquisition,,,,,,,,,,,3534480.000,,,,,,,,,,,,
CashAndCashEquivalentsPeriodIncreaseDecrease,,,-8518670.000,,,,-1090517.000,,,,4167060.000,,,,-7874000.000,,,,469000.000,,,,-771000.000
ComprehensiveIncomeNetOfTax,,,-4152378.000,-4211299.000,-3198977.000,-3996731.000,-5589315.000,-4939368.000,-5273415.000,-5696731.000,-6376028.000,-7143617.000,-7873261.000,-7313094.000,-9593000.000,-10139000.000,-9913000.000,-10189000.000,-11185000.000,-10704000.000,-8155000.000,-6038000.000,-5870000.000
DepreciationAndAmortization,10366.000,8498.000,30192.000,36739.000,10638.000,12478.000,9795.000,8879.000,10064.000,10779.000,11450.000,22538.000,25775.000,25237.000,30000.000,37000.000,38000.000,41000.000,32000.000,30000.000,24000.000,13000.000,11000.000
DepreciationDepletionAndAmortization,,,,,,,9795.000,,,,11450.000,,,,,,,,,,,,
EarningsPerShareBasicAndDiluted,-0.170,-0.130,-0.090,-0.090,-0.070,-0.080,-0.120,-0.090,-0.050,-0.020,-0.060,-0.060,-0.060,-0.050,-0.060,-0.060,-0.060,-0.070,-0.060,-0.050,-0.040,-0.020,-1.610
EffectOfExchangeRateOnCashAndCashEquivalents,,,,,,,-2428.000,,,,,,,,,,,,,,,,
FairValueAdjustmentOfWarrants,,,,,,,,,,,,,,,,,,,26000.000,,,,
FairValueLiabilitiesMeasuredOnRecurringBasisChangeInUnrealizedGainLossIncludedInTradingRevenue,,,,,,,-27500.000,,,,,,,,,,,,,,,,
FairValueMeasurementWithUnobservableInputsReconciliationRecurringBasisLiabilityGainLossIncludedInEarnings,,,,,,,-27500.000,,,,,,,,,,,,,,,,
GainLossOnSaleOfPropertyPlantEquipment,,,-4503.000,,,,,,,,,,,,,,,,,,,,
IncreaseDecreaseInAccountsPayable,,,,,,,,,,,,,,,,,,,,,,,-127000.000
IncreaseDecreaseInAccountsPayableAndAccruedLiabilities,,,-533492.000,,,,563439.000,,,,-61996.000,,,,733000.000,,,,-1134000.000,,,,
IncreaseDecreaseInAccruedLiabilities,,,,,,,,,,,,,,,,,,,,,,,1726000.000
IncreaseDecreaseInPrepaidDeferredExpenseAndOtherAssets,,,34078.000,,,,-140213.000,,,,-202314.000,,,,-438000.000,,,,-153000.000,,,,-515000.000
InterestExpense,,272.000,10710.000,,,,,,,,,,,,0.000,1000.000,101000.000,501000.000,519000.000,512000.000,948000.000,153000.000,178000.000
InterestPaid,,,,,,,,,,,,,,,,,,,288000.000,,,,76000.000
InvestmentIncomeInterest,10998.000,7343.000,29378.000,19285.000,18347.000,6550.000,14416.000,10895.000,17327.000,17630.000,15346.000,16872.000,17376.000,19406.000,30000.000,32000.000,32000.000,36000.000,39000.000,36000.000,31000.000,16000.000,11000.000
MarketableSecuritiesRealizedGainLoss,,,,,,,0.000,0.000,0.000,,,,,,,,,,,,,,
MarketableSecuritiesUnrealizedGainLoss,,,,,76.000,,8486.000,,,,-24029.000,,,,2000.000,,,,5000.000,,,,
NetCashProvidedByUsedInFinancingActivities,,,-47742.000,,,,,,,,7977523.000,,,,-6000.000,,,,7419000.000,,,,-421000.000
NetCashProvidedByUsedInFinancingActivitiesContinuingOperations,,,-47742.000,,,,,,,,7977523.000,,,,-6000.000,,,,7419000.000,,,,-421000.000
NetCashProvidedByUsedInInvestingActivities,,,-4059363.000,,,,3400275.000,,,,2461840.000,,,,-519000.000,,,,4378000.000,,,,2829000.000
NetCashProvidedByUsedInInvestingActivitiesContinuingOperations,,,-4059363.000,,,,3400275.000,,,,2461840.000,,,,-519000.000,,,,4378000.000,,,,2829000.000
NetCashProvidedByUsedInOperatingActivities,,,-4411565.000,,,,-4488364.000,,,,-6272303.000,,,,-7349000.000,,,,-11328000.000,,,,-3179000.000
NetCashProvidedByUsedInOperatingActivitiesContinuingOperations,,,-4411565.000,,,,-4488364.000,,,,-6272303.000,,,,-7349000.000,,,,-11328000.000,,,,-3179000.000
NetIncomeLoss,-4392190.000,-3539326.000,-4152517.000,-4211163.000,-3199053.000,-3996756.000,-5580867.000,-4941172.000,-5253531.000,-5704715.000,-6370581.000,-7151889.000,-7866497.000,-7313033.000,-9616000.000,-10151000.000,-9912000.000,-10163000.000,-11207000.000,-10706000.000,-8152000.000,-6035000.000,-5869000.000
NetIncomeLossAvailableToCommonStockholdersBasic,-4392190.000,-3539326.000,-4152517.000,-4211163.000,-3199053.000,-3996756.000,-5580867.000,-4941172.000,-5253531.000,-5704715.000,-6370581.000,,,,,,,,,,,,
NoncashOrPartNoncashAcquisitionNetNonmonetaryAssetsAcquiredLiabilitiesAssumed1,,,,,,,,,,,3160000.000,,,,,,,,,,,,
NoncashOrPartNoncashAcquisitionValueOfLiabilitiesAssumed1,,,,,,,,,,,1212297.000,,,,,,,,,,,,
OperatingExpenses,4406465.000,3552845.000,4171496.000,4221558.000,3218499.000,4016449.000,5592913.000,4953239.000,5270721.000,5722328.000,6838852.000,7201715.000,7884126.000,7354307.000,9650000.000,10181000.000,9828000.000,9714000.000,10742000.000,10221000.000,7246000.000,8375000.000,5791000.000
OperatingIncomeLoss,-4406465.000,-3552845.000,-4171496.000,-4221558.000,-3218499.000,-4016449.000,-5592913.000,-4953239.000,-5270721.000,-5722328.000,-6838852.000,-7201715.000,-7884126.000,-7354307.000,-9650000.000,-10181000.000,-9828000.000,-9714000.000,-10742000.000,-10221000.000,-7201000.000,-8292000.000,-5697000.000
OtherComprehensiveIncomeLossNetOfTax,,,,-136.000,76.000,,-8448.000,1804.000,-19884.000,7984.000,-5447.000,8272.000,-6764.000,-61.000,23000.000,12000.000,-1000.000,-26000.000,22000.000,2000.000,-3000.000,-3000.000,-1000.000
OtherComprehensiveIncomeLossNetOfTaxPeriodIncreaseDecrease,,,139.000,,,,,,,,,,,,,,,,,,,,
OtherNonoperatingIncomeExpense,3277.000,6448.000,311.000,-8890.000,1099.000,2433.000,-2370.000,1172.000,-137.000,-17.000,452925.000,32954.000,253.000,21868.000,4000.000,-1000.000,-15000.000,16000.000,15000.000,-9000.000,-34000.000,-15000.000,-5000.000
PaymentsOfFinancingCosts,,,,,,,,,,,,,,,,,,,38000.000,,,,50000.000
PaymentsOfStockIssuanceCosts,,,47742.000,,,,,,,,315875.000,,,,13000.000,,,,601000.000,,,,
PaymentsToAcquirePropertyPlantAndEquipment,,,187363.000,,,,4725.000,,,,6620.000,,,,70000.000,,,,5000.000,,,,
ProceedsFromIssuanceOfCommonStock,,,,,,,,,,,8293398.000,,,,9000.000,,,,8060000.000,,,,
ProceedsFromIssuanceOrSaleOfEquity,,,,,,,,,,,,,,,,,,,17500000.000,,,,
ProceedsFromWarrantExercises,,,,,,,,,,,,,,,,,,,,,500000.000,,
ProfitLoss,-4392190.000,-3539326.000,-4152517.000,-4211163.000,-3199053.000,-3996756.000,-5580867.000,-4941172.000,-5253531.000,-5704715.000,-6370581.000,,,,,,,,,,,,
RepaymentsOfDebtAndCapitalLeaseObligations,,,,,,,,,,,,,,,2000.000,,,,2000.000,,,,3000.000
RepaymentsOfLinesOfCredit,,,,,,,,,,,,,,,,,,,,,,,368000.000
ResearchAndDevelopmentExpenseExcludingAcquiredInProcessCost,1342573.000,2050314.000,2210454.000,2107861.000,1657902.000,2111935.000,3442912.000,2836935.000,3102240.000,3520176.000,4280817.000,4820122.000,5401661.000,4932400.000,6042000.000,7734000.000,7330000.000,7158000.000,7875000.000,7752000.000,5088000.000,78000.000,1443000.000
Revenues,,,,,,,,,,,,0.000,0.000,,0.000,0.000,0.000,0.000,0.000,0.000,45000.000,83000.000,94000.000
SalesRevenueNet,,,,,,,,,,,,0.000,0.000,,0.000,0.000,0.000,0.000,0.000,0.000,45000.000,83000.000,94000.000
SellingGeneralAndAdministrativeExpense,1824108.000,1981869.000,2045238.000,1871059.000,1816181.000,1786927.000,2112706.000,2099925.000,2158417.000,2146733.000,2266233.000,2369960.000,2454830.000,2396977.000,3578000.000,2410000.000,2460000.000,2515000.000,2835000.000,2439000.000,2134000.000,1934000.000,1585000.000
ShareBasedCompensation,,,377505.000,,,,351556.000,,,,399454.000,,,,1066000.000,512000.000,544000.000,553000.000,659000.000,,,,461000.000
ShareBasedCompensationArrangementByShareBasedPaymentAwardEquityInstrumentsOtherThanOptionsForfeitedInPeriod,,,,,,,,,,,,,,,,,,,,,,,227.000
ShareBasedCompensationArrangementByShareBasedPaymentAwardEquityInstrumentsOtherThanOptionsForfeituresWeightedAverageGrantDateFairValue,,,,,,,,,,,,,,,,,,,,,,,9.800
ShareBasedCompensationArrangementByShareBasedPaymentAwardEquityInstrumentsOtherThanOptionsGrantsInPeriod,,,,,,,,,,,,,,,,,,,,,,,72588.000
ShareBasedCompensationArrangementByShareBasedPaymentAwardEquityInstrumentsOtherThanOptionsGrantsInPeriodWeightedAverageGrantDateFairValue,,,,,,,,,,,,,,,,,,,,,,,9.800
ShareBasedCompensationArrangementByShareBasedPaymentAwardOptionsForfeituresInPeriod,,,,,,,,,,,,,,,2840169.000,,,,526662.000,,,,29386.000
ShareBasedCompensationArrangementByShareBasedPaymentAwardOptionsGrantsInPeriod,,,,0.000,933996.000,,484300.000,3236054.000,,,,,,,,,,,,,,,
ShareBasedCompensationArrangementByShareBasedPaymentAwardOptionsGrantsInPeriodGross,,,,,,,,,,,2186900.000,,,,8588900.000,,,,7833059.000,,,,
ShareBasedCompensationArrangementByShareBasedPaymentAwardOptionsGrantsInPeriodWeightedAverageGrantDateFairValue,,,,0.000,0.680,,0.530,0.400,,,,,,,,,,,,,,,
ShareBasedCompensationArrangementsByShareBasedPaymentAwardOptionsForfeituresInPeriodWeightedAverageExercisePrice,,,,,,,,,,,,,,,0.580,,,,1.180,,,,50.210
ShareBasedCompensationArrangementsByShareBasedPaymentAwardOptionsGrantsInPeriodWeightedAverageExercisePrice,,,,,,,,,,,0.490,,,,0.580,,,,0.420,,,,
StockIssuedDuringPeriodSharesNewIssues,,,,,,,,,,,,,,,,,,,24990267.000,,,,
StockIssuedDuringPeriodSharesStockOptionsExercised,,,,0.000,0.000,,0.000,0.000,,,,,,,,,,,,,,,
UnrealizedGainLossOnInvestments,,,,,,,-8448.000,,,,5447.000,,,,23000.000,,,,22000.000,,,,-1000.000
WeightedAverageNumberOfShareOutstandingBasicAndDiluted,,,,,,,46265286.000,53749791.000,102710286.000,-126139611.000,105053762.000,115587056.000,123287118.000,-221518753.000,159458772.000,162128100.000,163614297.000,-322982053.000,178115217.000,196553963.000,214714029.000,-380898839.000,3639242.000
