,2011-06-30,2011-09-30,2012-03-31,2012-06-30,2012-09-30,2012-12-31,2013-03-31,2013-06-30,2013-09-30
AdvertisingRevenue,13452000.000,13287000.000,10318000.000,13409000.000,13049000.000,11645000.000,11021000.000,12887000.000,13128000.000
AdvertisingRevenueCost,1480000.000,1599000.000,1316000.000,2115000.000,1826000.000,1608000.000,1191000.000,1024000.000,916000.000
AmortizationOfAcquisitionCosts,,,,,,,-285000.000,,
AmortizationOfFinancingCosts,,,54000.000,,,,,,
AmortizationOfIntangibleAssets,3718000.000,3669000.000,5692000.000,7075000.000,6900000.000,8305000.000,5655000.000,5178000.000,5137000.000
AntidilutiveSecuritiesExcludedFromComputationOfEarningsPerShareAmount,,,,11825289.000,10779599.000,,10188472.000,10042185.000,11137840.000
BusinessCombinationContingentConsiderationArrangementsChangeInAmountOfContingentConsiderationLiability,,,1086000.000,,,,,,
CapitalExpendituresIncurredButNotYetPaid,,,1812000.000,,,,603000.000,,
CapitalizedComputerSoftwareAmortization,,,,4200000.000,4200000.000,,5700000.000,6100000.000,6200000.000
CashAndCashEquivalentsPeriodIncreaseDecrease,,,-13685000.000,,,,48546000.000,,
ComprehensiveIncomeNetOfTax,,,-19452000.000,-3248000.000,-4539000.000,-14776000.000,-15781000.000,-5476000.000,-4620000.000
CostOfRevenue,40187000.000,39890000.000,46971000.000,52927000.000,47397000.000,44524000.000,50237000.000,57437000.000,51812000.000
DeferredCompensationArrangementWithIndividualCashAwardsGrantedPercentage,,,,,,,0.800,,
DefinedContributionPlanEmployerDiscretionaryContributionAmount,,,,200000.000,300000.000,,300000.000,300000.000,200000.000
DefinedContributionPlanMaximumAnnualContributionPerEmployeePercent,,,,,,,0.040,,
Depreciation,,,,3900000.000,3900000.000,,4100000.000,4100000.000,4100000.000
DepreciationDepletionAndAmortization,,,14976000.000,15118000.000,15033000.000,16188000.000,15399000.000,15460000.000,15422000.000
EarningsPerShareBasic,0.040,-0.030,,-0.040,,,,-0.070,-0.080
EarningsPerShareBasicAndDiluted,,,-0.360,,-0.100,,-0.250,,
EarningsPerShareDiluted,0.030,-0.030,,-0.040,,,,-0.070,-0.080
EffectOfExchangeRateOnCashAndCashEquivalents,,,-150000.000,,,,333000.000,,
EffectiveIncomeTaxRateContinuingOperations,,,,,,,-0.095,,
GeneralAndAdministrativeExpense,12308000.000,11737000.000,16544000.000,16903000.000,15862000.000,16615000.000,16508000.000,25031000.000,20441000.000
GoodwillTranslationAdjustments,,,,,,,-527000.000,,
GrossProfit,58818000.000,49738000.000,47467000.000,68637000.000,61822000.000,49148000.000,55774000.000,74923000.000,65723000.000
IncomeLossFromContinuingOperationsBeforeIncomeTaxesMinorityInterestAndIncomeLossFromEquityMethodInvestments,6317000.000,-522000.000,-19727000.000,144000.000,-4040000.000,-15423000.000,-13910000.000,-3345000.000,-4391000.000
IncomeTaxExpenseBenefit,788000.000,910000.000,611000.000,2469000.000,1982000.000,-1082000.000,1318000.000,1127000.000,904000.000
IncomeTaxesPaid,,,149000.000,,,,106000.000,,
IncreaseDecreaseInAccountsPayable,,,-427000.000,,,,-2141000.000,,
IncreaseDecreaseInAccountsReceivable,,,18647000.000,,,,-8525000.000,,
IncreaseDecreaseInAccruedIncomeTaxesPayable,,,249000.000,,,,,,
IncreaseDecreaseInAccruedLiabilities,,,3145000.000,,,,7942000.000,,
IncreaseDecreaseInDeferredIncomeTaxes,,,-640000.000,,,,-898000.000,,
IncreaseDecreaseInDeferredLeasingFees,,,-186000.000,,,,,,
IncreaseDecreaseInDeferredRevenue,,,11319000.000,,,,8114000.000,,
IncreaseDecreaseInInventories,,,1418000.000,,,,-511000.000,,
IncreaseDecreaseInOtherOperatingLiabilities,,,,,,,-390000.000,,
IncreaseDecreaseInPrepaidDeferredExpenseAndOtherAssets,,,1049000.000,,,,2118000.000,,
IncreaseDecreaseInRestrictedCashForOperatingActivities,,,,,,,-723000.000,,
InterestExpense,1406000.000,109000.000,151000.000,90000.000,239000.000,184000.000,182000.000,153000.000,151000.000
InterestPaid,,,97000.000,,,,153000.000,,
InvestmentIncomeInterest,29000.000,32000.000,25000.000,25000.000,23000.000,14000.000,15000.000,16000.000,13000.000
LeaseAndRentalExpense,,,,3600000.000,3700000.000,,3500000.000,,
LineOfCreditFacilityUnusedCapacityCommitmentFeePercentage,,,,,,,0.003,,
NetCashProvidedByUsedInFinancingActivities,,,7161000.000,,,,-486000.000,,
NetCashProvidedByUsedInFinancingActivitiesContinuingOperations,,,7161000.000,,,,-486000.000,,
NetCashProvidedByUsedInInvestingActivities,,,-49171000.000,,,,-11518000.000,,
NetCashProvidedByUsedInInvestingActivitiesContinuingOperations,,,-49171000.000,,,,-11518000.000,,
NetCashProvidedByUsedInOperatingActivities,,,28475000.000,,,,60217000.000,,
NetCashProvidedByUsedInOperatingActivitiesContinuingOperations,,,28475000.000,,,,60217000.000,,
NetIncomeLoss,5529000.000,-1432000.000,-20338000.000,-2325000.000,-6022000.000,-14341000.000,-15228000.000,-4472000.000,-5295000.000
NetIncomeLossAvailableToCommonStockholdersBasic,1129000.000,-1432000.000,-20338000.000,-2325000.000,-6022000.000,-14341000.000,-15228000.000,-4472000.000,-5295000.000
OperatingExpenses,51317000.000,50150000.000,68469000.000,67904000.000,66132000.000,64195000.000,68964000.000,77661000.000,70407000.000
OperatingIncomeLoss,7501000.000,-412000.000,-21002000.000,733000.000,-4310000.000,-15047000.000,-13190000.000,-2738000.000,-4684000.000
OperatingLeasesRentExpenseNet,,,,,,,,3500000.000,3300000.000
OtherComprehensiveIncomeForeignCurrencyTransactionAndTranslationAdjustmentNetOfTaxPortionAttributableToParent,,,886000.000,-923000.000,1483000.000,-435000.000,-553000.000,-1004000.000,675000.000
OtherComprehensiveIncomeLossNetOfTax,,,,-923000.000,1483000.000,,-553000.000,-1004000.000,675000.000
OtherComprehensiveIncomeLossNetOfTaxPeriodIncreaseDecrease,,,886000.000,,,,,,
OtherDepreciationAndAmortization,,,,,,,9744000.000,,
OtherNonoperatingIncomeExpense,193000.000,-33000.000,1401000.000,-524000.000,486000.000,-206000.000,-553000.000,-470000.000,431000.000
PaymentsToAcquireBusinessesNetOfCashAcquired,,,38037000.000,,,,,,
PaymentsToAcquirePropertyPlantAndEquipment,,,5849000.000,,,,6130000.000,,
PaymentsToDevelopSoftware,,,5285000.000,,,,5388000.000,,
ProceedsFromRepaymentsOfDebt,,,5000000.000,,,,,,
ProceedsFromStockPlans,,,,,,,296000.000,,
ProvisionForDoubtfulAccounts,,,73000.000,,,,-151000.000,,
RepaymentsOfLongTermCapitalLeaseObligations,,,1561000.000,,,,760000.000,,
ResearchAndDevelopmentExpense,16377000.000,17628000.000,21209000.000,21121000.000,20624000.000,18454000.000,21176000.000,21496000.000,20703000.000
Revenues,,,,121564000.000,109219000.000,,106011000.000,132360000.000,117535000.000
SalesRevenueNet,,,,121564000.000,109219000.000,,106011000.000,132360000.000,117535000.000
SalesRevenueServicesGross,85553000.000,,,,,,,,
SalesRevenueServicesNet,99005000.000,89628000.000,94438000.000,,,,,,
SellingAndMarketingExpense,18914000.000,17116000.000,25024000.000,24284000.000,24154000.000,23629000.000,26826000.000,27148000.000,25307000.000
ShareBasedCompensation,,,3029000.000,4302000.000,4661000.000,4736000.000,3926000.000,9526000.000,5634000.000
ShareBasedCompensationArrangementByShareBasedPaymentAwardFairValueAssumptionsExpectedVolatilityRate,,,,,,,,0.580,
ShareBasedCompensationArrangementByShareBasedPaymentAwardFairValueAssumptionsRiskFreeInterestRate,,,,,,,,0.001,
ShareBasedCompensationArrangementByShareBasedPaymentAwardOptionsExpirationsInPeriod,,,,,,,287695.000,,
ShareBasedCompensationArrangementsByShareBasedPaymentAwardOptionsExercisesInPeriodWeightedAverageExercisePrice,,,,,,,2.030,,
ShareBasedCompensationArrangementsByShareBasedPaymentAwardOptionsExpirationsInPeriodWeightedAverageExercisePrice,,,,,,,11.730,,
StockIssuedDuringPeriodSharesEmployeeStockPurchasePlans,,,,,,,,158292.000,
StockIssuedDuringPeriodSharesNewIssues,,,,,,,,456297.000,
StockIssuedDuringPeriodSharesStockOptionsExercised,,,,,,,145444.000,,
StockIssuedDuringPeriodValueEmployeeStockPurchasePlan,,,,,,,,700000.000,
TechnologyServicesCosts,,,,,,,,,50896000.000
TechnologyServicesRevenue,,,,,,,,,104407000.000
TemporaryEquityAccretionToRedemptionValueAdjustment,4400000.000,,,,,,,,
WeightedAverageNumberOfDilutedSharesOutstanding,36877000.000,53701000.000,,58322000.000,,,,61611000.000,62757000.000
WeightedAverageNumberOfShareOutstandingBasicAndDiluted,,,,,59444000.000,,60764000.000,,
WeightedAverageNumberOfSharesOutstandingBasic,27269000.000,53701000.000,,58322000.000,,,,61611000.000,62757000.000
