,2011-06-30,2011-09-30,2012-03-31,2012-06-30,2012-09-30,2012-12-31,2013-03-31,2013-06-30,2013-09-30,2013-12-31,2014-03-31,2014-06-30,2014-09-30,2014-12-31,2015-03-31
AllocatedShareBasedCompensationExpense,,,,662000.000,821000.000,,1598000.000,1147000.000,1069000.000,1243000.000,1313000.000,1138000.000,1278000.000,1469000.000,1207000.000
AmortizationOfDeferredCharges,,,,,,,,,,,65000.000,,,,0.000
AmortizationOfIntangibleAssets,,,,,,,376000.000,,,,375000.000,,,,225000.000
AntidilutiveSecuritiesExcludedFromComputationOfEarningsPerShareAmount,,,,297000.000,285000.000,,1107000.000,1370000.000,,,,,,,
BusinessAcquisitionsProFormaNetIncomeLoss,,,,,,,-3751000.000,-1124000.000,1408000.000,11294000.000,,,,,
BusinessAcquisitionsProFormaRevenue,,,,,,,14636000.000,18508000.000,2140000.000,40454000.000,,,,,
BusinessCombinationAcquisitionRelatedCosts,,,,,,,1000000.000,,,,,,,,
CashAndCashEquivalentsPeriodIncreaseDecrease,,,4091000.000,,,,-14397000.000,,,,-57897000.000,,,,5175000.000
ComprehensiveIncomeNetOfTax,,,712000.000,539000.000,3074000.000,1320000.000,-7492000.000,-4110000.000,-2388000.000,-4115000.000,-6646000.000,-880000.000,-16529000.000,-2054000.000,-3823000.000
CostOfGoodsAndServicesSold,3688238.000,4728750.000,3669000.000,5418000.000,4540000.000,5842000.000,6802000.000,7114000.000,10976000.000,8968000.000,6157000.000,8865000.000,5892000.000,10293000.000,8393000.000
CostOfGoodsSold,3563605.000,4472928.000,3447000.000,5171000.000,4053000.000,5049000.000,6087000.000,6283000.000,10080000.000,8011000.000,5091000.000,7780000.000,4774000.000,9031000.000,7155000.000
CostOfServices,124633.000,255822.000,222000.000,247000.000,487000.000,793000.000,715000.000,831000.000,896000.000,957000.000,1066000.000,1085000.000,1118000.000,1262000.000,1238000.000
Depreciation,,,133000.000,,,,431000.000,,,,565000.000,,,,664000.000
EarningsPerShareBasic,0.020,0.140,0.040,0.040,0.140,0.080,-0.340,-0.160,-0.150,-0.160,-0.290,-0.070,-0.770,-0.080,-0.160
EarningsPerShareDiluted,0.010,0.140,0.040,0.040,0.140,0.070,-0.340,-0.160,-0.150,-0.160,-0.290,-0.070,-0.770,-0.080,-0.160
EffectOfExchangeRateOnCashAndCashEquivalents,,,40000.000,,,,-20000.000,,,,-4000.000,,,,556000.000
EffectiveIncomeTaxRateContinuingOperations,,,,0.080,,,0.080,,,,0.020,,,,0.000
FiniteLivedIntangibleAssetsAcquired,,,,,,,8460000.000,,,,0.000,,,,
FiniteLivedIntangibleAssetsTranslationAdjustments,,,,,,,-302000.000,,,,-286000.000,,,,-515000.000
FinitelivedIntangibleAssetsAcquired1,,,,,,,,,,,,,,,0.000
GainLossOnSaleOfOtherAssets,,,,,,,,,,,-6000.000,,,,-2000.000
GeneralAndAdministrativeExpense,1312834.000,1393413.000,2360000.000,2078000.000,2386000.000,2399000.000,3637000.000,3352000.000,2510000.000,2537000.000,3110000.000,2442000.000,2760000.000,3426000.000,4217000.000
GoodwillAcquiredDuringPeriod,,,,,,,12751000.000,,,,,,,,
GoodwillAndIntangibleAssetImpairment,,,,,,,,,,,,,12380000.000,,
GoodwillTranslationAdjustments,,,,,,,-470000.000,,,,415000.000,,,,
GrossProfit,5967737.000,7464453.000,8663000.000,9247000.000,11521000.000,10727000.000,7369000.000,10725000.000,10357000.000,12362000.000,8384000.000,11743000.000,10217000.000,13862000.000,12110000.000
IncomeLossFromContinuingOperationsBeforeIncomeTaxesMinorityInterestAndIncomeLossFromEquityMethodInvestments,235787.000,2044873.000,607000.000,850000.000,2792000.000,1205000.000,-7340000.000,-4142000.000,-3188000.000,-2791000.000,-6123000.000,-1383000.000,-15872000.000,-1686000.000,-3288000.000
IncomeTaxExpenseBenefit,55216.000,0.000,28000.000,84000.000,29000.000,-18000.000,-623000.000,-860000.000,-205000.000,511000.000,-147000.000,25000.000,-160000.000,34000.000,11000.000
IncreaseDecreaseInAccountsPayable,,,200000.000,,,,-517000.000,,,,-3650000.000,,,,-1772000.000
IncreaseDecreaseInAccountsReceivable,,,-3185000.000,,,,-4234000.000,,,,-11965000.000,,,,-5413000.000
IncreaseDecreaseInAccruedLiabilities,,,-254000.000,,,,-1009000.000,,,,-766000.000,,,,-253000.000
IncreaseDecreaseInDeferredIncomeTaxes,,,,,,,719000.000,,,,178000.000,,,,0.000
IncreaseDecreaseInDeferredRevenue,,,-28000.000,,,,-645000.000,,,,-1422000.000,,,,2803000.000
IncreaseDecreaseInDepositOtherAssets,,,,,,,2701000.000,,,,0.000,,,,
IncreaseDecreaseInInventories,,,838000.000,,,,1149000.000,,,,1700000.000,,,,729000.000
IncreaseDecreaseInPrepaidDeferredExpenseAndOtherAssets,,,198000.000,,,,-1843000.000,,,,264000.000,,,,-614000.000
IncrementalCommonSharesAttributableToCallOptionsAndWarrants,,,,6000.000,0.000,,0.000,0.000,0.000,0.000,,,,,
IncrementalCommonSharesAttributableToShareBasedPaymentArrangements,,,,512000.000,496000.000,,0.000,0.000,0.000,0.000,,,,,
InventoryWriteDown,,,83000.000,,,,89000.000,,,,1000.000,,,,407000.000
InvestmentIncomeAmortizationOfPremium,,,68000.000,,,,306000.000,,,,136000.000,,,,207000.000
LongTermPurchaseCommitmentAmount,,,,,,,,,,,600000.000,600000.000,,,
NetCashProvidedByUsedInFinancingActivities,,,835000.000,,,,-383000.000,,,,69000.000,,,,-102000.000
NetCashProvidedByUsedInFinancingActivitiesContinuingOperations,,,835000.000,,,,-383000.000,,,,69000.000,,,,-102000.000
NetCashProvidedByUsedInInvestingActivities,,,-431000.000,,,,-9414000.000,,,,-58437000.000,,,,-746000.000
NetCashProvidedByUsedInInvestingActivitiesContinuingOperations,,,-431000.000,,,,-9414000.000,,,,-58437000.000,,,,-746000.000
NetCashProvidedByUsedInOperatingActivities,,,3647000.000,,,,-4580000.000,,,,475000.000,,,,5467000.000
NetCashProvidedByUsedInOperatingActivitiesContinuingOperations,,,3647000.000,,,,-4580000.000,,,,475000.000,,,,5467000.000
NetIncomeLoss,180571.000,2044873.000,579000.000,766000.000,2763000.000,1223000.000,-6717000.000,-3282000.000,-2983000.000,-3302000.000,-5976000.000,-1408000.000,-15712000.000,-1720000.000,-3299000.000
NonoperatingIncomeExpense,-34395.000,-26023.000,1000.000,-54000.000,161000.000,41000.000,-50000.000,20000.000,232000.000,359000.000,28000.000,83000.000,-356000.000,-354000.000,-591000.000
OperatingExpenses,5697555.000,5393557.000,8057000.000,8343000.000,8890000.000,9563000.000,14659000.000,14887000.000,13777000.000,15512000.000,14535000.000,13209000.000,25733000.000,15194000.000,14807000.000
OperatingIncomeLoss,270182.000,2070896.000,606000.000,904000.000,2631000.000,1164000.000,-7290000.000,-4162000.000,-3420000.000,-3150000.000,-6151000.000,-1466000.000,-15516000.000,-1332000.000,-2697000.000
OtherComprehensiveIncomeForeignCurrencyTransactionAndTranslationAdjustmentNetOfTaxPeriodIncreaseDecrease,,,134000.000,,,,,,,,,,,,
OtherComprehensiveIncomeLossBeforeReclassificationsNetOfTax,,,,,,,,,,,,,,,524000.000
OtherComprehensiveIncomeLossForeignCurrencyTransactionAndTranslationAdjustmentNetOfTax,,,,-208000.000,265000.000,,-756000.000,-797000.000,566000.000,-827000.000,-635000.000,494000.000,-829000.000,-297000.000,-563000.000
OtherComprehensiveIncomeLossNetOfTaxPortionAttributableToParent,,,133000.000,-227000.000,311000.000,97000.000,-775000.000,-828000.000,595000.000,-813000.000,-670000.000,528000.000,-817000.000,-334000.000,-524000.000
OtherComprehensiveIncomeUnrealizedHoldingGainLossOnSecuritiesArisingDuringPeriodNetOfTax,,,-1000.000,-19000.000,46000.000,-5000.000,-19000.000,-31000.000,29000.000,14000.000,-35000.000,34000.000,12000.000,-37000.000,39000.000
PaymentsForRepurchaseOfOtherEquity,,,0.000,,,,,,,,,,,,
PaymentsRelatedToTaxWithholdingForShareBasedCompensation,,,,,,,,,,,,,,,102000.000
PaymentsToAcquireAvailableForSaleSecurities,,,,,,,26125000.000,,,,64598000.000,,,,18919000.000
PaymentsToAcquireBusinessesNetOfCashAcquired,,,,,,,8962000.000,,,,0.000,,,,
PaymentsToAcquirePropertyPlantAndEquipment,,,645000.000,,,,1274000.000,,,,839000.000,,,,582000.000
PaymentsToAcquireShortTermInvestments,,,4538000.000,,,,,,,,,,,,
ProceedsFromIssuanceOfCommonStock,,,835000.000,,,,0.000,,,,,,,,
ProceedsFromLinesOfCredit,,,0.000,,,,,,,,,,,,
ProceedsFromMaturitiesPrepaymentsAndCallsOfAvailableForSaleSecurities,,,,,,,20735000.000,,,,7000000.000,,,,18755000.000
ProceedsFromMaturitiesPrepaymentsAndCallsOfShorttermInvestments,,,2750000.000,,,,,,,,,,,,
ProceedsFromSaleOfAvailableForSaleSecurities,,,,,,,6212000.000,,,,0.000,,,,
ProceedsFromSaleOfShortTermInvestments,,,2002000.000,,,,,,,,,,,,
ProceedsFromStockOptionsExercised,,,,,,,114000.000,,,,69000.000,,,,0.000
ProvisionForDoubtfulAccounts,,,6000.000,,,,0.000,,,,5000.000,,,,-22000.000
RelatedPartyTransactionOtherRevenuesFromTransactionsWithRelatedParty,,,,200000.000,100000.000,,100000.000,100000.000,,,,,,,
RepaymentsOfLinesOfCredit,,,0.000,,,,,,,,,,,,
RepaymentsOfNotesPayable,,,,,,,497000.000,,,,0.000,,,,
ResearchAndDevelopmentExpense,1241261.000,1024304.000,1691000.000,1791000.000,1931000.000,2059000.000,4401000.000,4186000.000,3945000.000,5016000.000,4548000.000,3716000.000,4096000.000,4362000.000,3431000.000
RestrictedStockExpense,,,128000.000,,,,275000.000,,,,398000.000,,,,556000.000
Revenues,9655975.000,12193203.000,12332000.000,14665000.000,16061000.000,16569000.000,14171000.000,17839000.000,21333000.000,21330000.000,14541000.000,20608000.000,16109000.000,24155000.000,20503000.000
SalesRevenueGoodsNet,8262717.000,10128362.000,9829000.000,11863000.000,12948000.000,13083000.000,10411000.000,13617000.000,16301000.000,16191000.000,9504000.000,15124000.000,11164000.000,18208000.000,15172000.000
SalesRevenueNet,9655975.000,12193203.000,12332000.000,14665000.000,16061000.000,16569000.000,14171000.000,17839000.000,21333000.000,21330000.000,14541000.000,20608000.000,16109000.000,24155000.000,20503000.000
SalesRevenueServicesNet,1393258.000,2064841.000,2503000.000,2802000.000,3113000.000,3486000.000,3760000.000,4222000.000,5032000.000,5139000.000,5037000.000,5484000.000,4945000.000,5947000.000,5331000.000
SellingAndMarketingExpense,3143460.000,2975840.000,4006000.000,4474000.000,4573000.000,5105000.000,6621000.000,7349000.000,7322000.000,7959000.000,6877000.000,7051000.000,6497000.000,7406000.000,7159000.000
ShareBasedCompensationArrangementByShareBasedPaymentAwardFairValueAssumptionsExpectedDividendRate,,,,0.000,0.000,,0.000,0.000,0.000,0.000,0.000,0.000,0.000,0.000,0.000
ShareBasedCompensationArrangementByShareBasedPaymentAwardFairValueAssumptionsExpectedVolatilityRate,,,,0.729,0.793,,0.781,0.789,0.782,-1.592,0.704,0.619,0.635,-1.318,0.621
ShareBasedCompensationArrangementByShareBasedPaymentAwardFairValueAssumptionsRiskFreeInterestRate,,,,0.005,0.006,,0.009,0.010,0.014,-0.022,0.016,0.016,0.018,-0.034,0.014
ShareBasedCompensationArrangementByShareBasedPaymentAwardOptionsGrantsInPeriodWeightedAverageGrantDateFairValue,,,,9.260,,,10.180,,8.710,,7.090,,,,4.990
StandardProductWarrantyAccrualPayments,,,,,,,38000.000,,,,20000.000,,,,13000.000
StandardProductWarrantyAccrualPreexistingIncreaseDecrease,,,,,,,,,,,10000.000,,,,19000.000
StandardProductWarrantyAccrualWarrantiesIssued,,,,,,,-38000.000,,,,36000.000,,,,54000.000
StockIssued1,,,,,,,11140000.000,,,,0.000,,,,
StockOptionPlanExpense,,,583000.000,,,,1323000.000,,,,915000.000,,,,651000.000
WeightedAverageNumberOfDilutedSharesOutstanding,12123355.000,14592691.000,15064000.000,18510000.000,19801000.000,-35038000.000,19931000.000,19997000.000,20031000.000,-39868000.000,20329000.000,20356000.000,20500000.000,-40735000.000,20674000.000
WeightedAverageNumberOfSharesOutstandingBasic,11827181.000,14357639.000,14547000.000,17992000.000,19305000.000,-34002000.000,19931000.000,19997000.000,20031000.000,-39868000.000,20329000.000,20356000.000,20500000.000,-40735000.000,20674000.000
