,2011-07-31,2011-10-31,2012-04-30,2012-07-31,2012-10-31,2013-01-31,2013-04-30,2013-07-31,2013-10-31,2014-01-31,2014-04-30,2014-07-31,2014-10-31,2015-01-31,2015-04-30,2015-07-31,2015-10-31,2016-01-31,2016-04-30,2016-07-31,2016-10-31,2017-01-31,2017-04-30
AccretionExpense,,,,,,,,,,,,,,,2480000.000,,,,2614000.000,,,,2756000.000
AdjustmentToAdditionalPaidInCapitalIncomeTaxEffectFromShareBasedCompensationNet,,,52000.000,,,,15000.000,,,,24000.000,,,,179000.000,,,,-25000.000,,,,
AdjustmentsToAdditionalPaidInCapitalSharebasedCompensationRequisiteServicePeriodRecognitionValue,,,4986000.000,,,,5719000.000,,,,10228000.000,,,,13100000.000,,,,13966000.000,,,,13443000.000
AllocatedShareBasedCompensationExpense,,,5711000.000,5922000.000,6685000.000,6890000.000,6233000.000,9192000.000,9729000.000,9837000.000,11489000.000,14438000.000,12626000.000,15905000.000,14850000.000,23724000.000,16424000.000,9551000.000,15340000.000,16388000.000,13954000.000,19926000.000,17683000.000
AmortizationOfAcquiredIntangibleAssets,5415000.000,5943000.000,10000000.000,9700000.000,9800000.000,9800000.000,9700000.000,8400000.000,8100000.000,10700000.000,,,,,,,,,,,,,
AmortizationOfDebtDiscountPremium,,,,,,,,,,,100000.000,,,,,,,,,,,,
AmortizationOfFinancingCosts,,,,,,,,,,,700000.000,,,,,,,,,,,,
AmortizationOfIntangibleAssets,,,,,,,,,,,17561000.000,20100000.000,19500000.000,19039000.000,18700000.000,20600000.000,20000000.000,19600000.000,20500000.000,20600000.000,19900000.000,20500000.000,21100000.000
AvailableForSaleSecuritiesChangeInNetUnrealizedHoldingGainLossNetOfTax,,,,,,,,,,,-3000.000,16000.000,0.000,79000.000,57000.000,-13000.000,-156000.000,-99000.000,105000.000,5000.000,0.000,0.000,0.000
AvailableForSaleSecuritiesGrossRealizedGainLossNet,,,,,,,,,,,0.000,,,,0.000,,,,0.000,,,,
BusinessAcquisitionProFormaEarningsPerShareBasic,,,,,,,,,,,-0.070,,0.280,,,,,,,,,,
BusinessAcquisitionProFormaEarningsPerShareDiluted,,,,,,,,,,,-0.070,,0.270,,,,,,,,,,
BusinessAcquisitionsProFormaNetIncomeLoss,,,,,,,,,,,-2808000.000,,17650000.000,,,,,,,,,,
BusinessAcquisitionsProFormaRevenue,,,,,,,,,,,269713000.000,,288279000.000,,,,,,,,,,
CapitalExpendituresIncurredButNotYetPaid,,,623000.000,,,,792000.000,,,,780000.000,,,,3385000.000,,,,3642000.000,,,,2956000.000
CashAcquiredFromAcquisition,,,,,,,10370000.000,,,,0.000,,,,,,,,,,,,
ComprehensiveIncomeNetOfTax,,,15058000.000,142000.000,14898000.000,27415000.000,-11864000.000,10689000.000,34019000.000,25413000.000,44872000.000,-13865000.000,-26143000.000,-28543000.000,9465000.000,-630000.000,627000.000,-13683000.000,-296000.000,-51493000.000,-35231000.000,18978000.000,-7448000.000
ComprehensiveIncomeNetOfTaxAttributableToNoncontrollingInterest,,,1699000.000,603000.000,1349000.000,1423000.000,1149000.000,865000.000,1618000.000,1217000.000,889000.000,1975000.000,627000.000,1605000.000,937000.000,1446000.000,468000.000,1328000.000,1562000.000,627000.000,667000.000,-2000.000,972000.000
ComprehensiveIncomeNetOfTaxIncludingPortionAttributableToNoncontrollingInterest,,,16757000.000,745000.000,16247000.000,28838000.000,-10715000.000,11554000.000,35637000.000,26630000.000,45761000.000,-11890000.000,-25516000.000,-26938000.000,10402000.000,816000.000,1095000.000,-12355000.000,1266000.000,-50866000.000,-34564000.000,18976000.000,-6476000.000
ConvertiblePreferredDividendsNetOfTax,,,,0.000,0.000,,0.000,0.000,0.000,0.000,0.000,0.000,0.000,0.000,,,,,,,,,
CostOfGoodsSold,33214000.000,33623000.000,30892000.000,36382000.000,25420000.000,29054000.000,31172000.000,30090000.000,33322000.000,42974000.000,39477000.000,32122000.000,32925000.000,40346000.000,34897000.000,41984000.000,34982000.000,33208000.000,26383000.000,26573000.000,29499000.000,40824000.000,33924000.000
CostOfRevenue,69109000.000,70139000.000,68328000.000,75980000.000,65282000.000,72414000.000,73308000.000,72607000.000,72157000.000,88348000.000,102823000.000,102555000.000,101103000.000,108667000.000,103173000.000,119249000.000,105517000.000,100967000.000,100694000.000,102461000.000,103206000.000,116268000.000,110803000.000
CostOfServices,33210000.000,33091000.000,33652000.000,35954000.000,36166000.000,39672000.000,38498000.000,40170000.000,36900000.000,41025000.000,56988000.000,61869000.000,60082000.000,60335000.000,60296000.000,67409000.000,61475000.000,58881000.000,65131000.000,66754000.000,64007000.000,66086000.000,67345000.000
CumulativeEffectOnRetainedEarningsNetOfTax1,,,,,,,,,,,,,,,,,,,,,,,-869000.000
DebtIssuanceCostsIncurredDuringNoncashOrPartialNoncashTransaction,,,,,,,741000.000,,,,363000.000,,,,,,,,,,,,
DepreciationDepletionAndAmortization,,,14096000.000,,,,14459000.000,,,,23324000.000,,,,25028000.000,,,,28335000.000,,,,29422000.000
DerivativeGainLossOnDerivativeNet,,,-140000.000,271000.000,-253000.000,-277000.000,430000.000,247000.000,-721000.000,389000.000,-737000.000,840000.000,1562000.000,2321000.000,132000.000,142000.000,309000.000,-189000.000,-1559000.000,-404000.000,1266000.000,375000.000,-370000.000
DerivativeInstrumentsGainLossReclassifiedFromAccumulatedOCIIntoIncomeEffectivePortionNet,,,,,,,-780000.000,-1584000.000,-1984000.000,-1371000.000,-830000.000,-1039000.000,876000.000,2850000.000,-3193000.000,-2872000.000,-1882000.000,16098000.000,606000.000,-400000.000,682000.000,-2145000.000,921000.000
DividendsCommonStock,,,,,,,,,,,,,,,,,,,0.000,,,,0.000
EarningsPerShareBasic,0.180,0.150,0.160,0.220,0.040,0.550,-0.180,0.330,0.420,0.440,0.520,-0.210,0.180,0.040,-0.010,-0.180,0.120,0.360,-0.280,-0.190,-0.130,0.130,-0.320
EarningsPerShareDiluted,0.170,0.150,0.160,0.220,0.040,0.540,-0.180,0.330,0.420,0.420,0.510,-0.210,0.170,0.050,-0.010,-0.180,0.120,0.350,-0.280,-0.190,-0.130,0.130,-0.320
EffectOfExchangeRateOnCashAndCashEquivalentsContinuingOperations,,,585000.000,,,,-870000.000,,,,887000.000,,,,1208000.000,,,,2049000.000,,,,-1332000.000
EffectiveIncomeTaxRateContinuingOperations,,,0.171,0.265,0.253,-0.557,-0.642,0.132,0.198,0.384,3.172,-1.142,0.293,-3.024,0.564,-0.259,0.155,-0.419,-0.021,-0.106,-0.824,0.833,0.045
EffectiveIncomeTaxRateReconciliationAtFederalStatutoryIncomeTaxRate,,,0.350,0.350,0.350,-0.700,,,0.350,,,,,,,,,,,,,,
FairValueMeasurementWithUnobservableInputsReconciliationRecurringBasisLiabilityGainLossIncludedInEarnings,,,,,,,,,,,,,,,-100000.000,-800000.000,1000000.000,,,,,,
FairValueMeasurementWithUnobservableInputsReconciliationRecurringBasisLiabilitySettlements,,,,,,,,,,,,,,,,900000.000,1900000.000,,3000000.000,400000.000,,,2400000.000
FiniteLivedIntangibleAssetsFutureAmortizationExpense,,,172159000.000,,,,,,,,,,,,,,,,,,,,
ForeignCurrencyTransactionGainLossBeforeTax,,,835000.000,-711000.000,1144000.000,-308000.000,-1720000.000,-1487000.000,702000.000,-3552000.000,3195000.000,-2280000.000,-1949000.000,-12368000.000,445000.000,-3361000.000,-2517000.000,-2604000.000,5925000.000,-1903000.000,-2152000.000,-4613000.000,-424000.000
FutureAmortizationExpenseAfterYearFive,,,20076000.000,,,,,,,,,,,,,,,,,,,,
FutureAmortizationExpenseYearFive,,,26946000.000,,,,,,,,,,,,,,,,,,,,
FutureAmortizationExpenseYearFour,,,29717000.000,,,,,,,,,,,,,,,,,,,,
FutureAmortizationExpenseYearOne,,,29803000.000,,,,,,,,,,,,,,,,,,,,
FutureAmortizationExpenseYearThree,,,31070000.000,,,,,,,,,,,,,,,,,,,,
FutureAmortizationExpenseYearTwo,,,34547000.000,,,,,,,,,,,,,,,,,,,,
GainsLossesOnExtinguishmentOfDebt,,,,0.000,0.000,,-9706000.000,-173000.000,0.000,0.000,-7092000.000,-5454000.000,0.000,0.000,0.000,0.000,0.000,0.000,,,,,
GoodwillAcquiredDuringPeriod,,,,,,,,,,,377479000.000,,,,2333000.000,,,,30612000.000,,,,8317000.000
GoodwillAllocationAdjustment,,,-2900000.000,,,,,,,,,,,,,,,,,,,,
GoodwillImpairmentLoss,,,,,,,,,,,0.000,,,,,,,,0.000,,,,0.000
GoodwillTranslationAndPurchaseAccountingAdjustments,,,4814000.000,,,,-4444000.000,,,,12092000.000,,,,5069000.000,,,,10322000.000,,,,8153000.000
GrossProfit,125850000.000,129225000.000,128307000.000,136446000.000,136238000.000,156547000.000,131478000.000,149840000.000,152157000.000,167397000.000,154570000.000,174261000.000,181471000.000,202986000.000,166363000.000,176633000.000,178537000.000,179827000.000,144730000.000,159460000.000,155696000.000,179591000.000,150192000.000
ImpairmentOfIntangibleAssetsFinitelived,,,,,,,,,,,0.000,,,,0.000,,,,0.000,,,,0.000
IncomeLossFromContinuingOperationsBeforeIncomeTaxesExtraordinaryItemsNoncontrollingInterest,14437000.000,9217000.000,14029000.000,18037000.000,8858000.000,26840000.000,-4834000.000,21314000.000,30011000.000,16824000.000,-13269000.000,-4846000.000,16239000.000,23279000.000,1678000.000,-7880000.000,10021000.000,19361000.000,-15863000.000,-10020000.000,-4075000.000,6484000.000,-19932000.000
IncomeLossFromContinuingOperationsBeforeIncomeTaxesMinorityInterestAndIncomeLossFromEquityMethodInvestments,,,,,,,,,,,-13300000.000,-4800000.000,16200000.000,23303000.000,1700000.000,,,,,,,,
IncomeTaxExpenseBenefit,3163000.000,-704000.000,2399000.000,4772000.000,2243000.000,-454000.000,3103000.000,2809000.000,5957000.000,-7330000.000,-42088000.000,5534000.000,4766000.000,16789000.000,947000.000,2037000.000,1551000.000,-3583000.000,330000.000,1058000.000,3359000.000,-1975000.000,-892000.000
IncomeTaxesPaidNet,,,6656000.000,,,,2685000.000,,,,3477000.000,,,,3311000.000,,,,16541000.000,,,,9355000.000
IncreaseDecreaseInAccountsPayableAndAccruedLiabilities,,,-5435000.000,,,,-1331000.000,,,,36735000.000,,,,3091000.000,,,,-16090000.000,,,,41000.000
IncreaseDecreaseInAccountsReceivable,,,-17602000.000,,,,9654000.000,,,,25412000.000,,,,-4950000.000,,,,-25545000.000,,,,-1633000.000
IncreaseDecreaseInDeferredCharges,,,-7272000.000,,,,-841000.000,,,,210000.000,,,,-1970000.000,,,,-550000.000,,,,-977000.000
IncreaseDecreaseInDeferredRevenue,,,-719000.000,,,,6435000.000,,,,11133000.000,,,,22046000.000,,,,21509000.000,,,,18139000.000
IncreaseDecreaseInInventories,,,825000.000,,,,-3097000.000,,,,2449000.000,,,,3691000.000,,,,2587000.000,,,,942000.000
IncreaseDecreaseInOtherOperatingCapitalNet,,,2026000.000,,,,-884000.000,,,,550000.000,,,,2945000.000,,,,46000.000,,,,-2668000.000
IncreaseDecreaseInPrepaidDeferredExpenseAndOtherAssets,,,-536000.000,,,,294000.000,,,,-4613000.000,,,,9074000.000,,,,1392000.000,,,,-1512000.000
IncreaseDecreaseInRestrictedCashAndInvestments,,,102000.000,,,,-3344000.000,,,,13316000.000,,,,-11376000.000,,,,-693000.000,,,,-311000.000
IncrementalCommonSharesAttributableToCallOptionsAndWarrants,,,,,,,,,,,,0.000,0.000,,0.000,0.000,0.000,0.000,0.000,0.000,0.000,0.000,0.000
IncrementalCommonSharesAttributableToConversionOfDebtSecurities,,,,,,,,,,,,0.000,0.000,,0.000,0.000,0.000,0.000,0.000,0.000,0.000,0.000,0.000
IncrementalCommonSharesAttributableToConversionOfPreferredStock,,,,0.000,0.000,,0.000,0.000,0.000,0.000,0.000,0.000,0.000,0.000,,,,,,,,,
IncrementalCommonSharesAttributableToShareBasedPaymentArrangements,,,872000.000,360000.000,137000.000,-805000.000,0.000,660000.000,572000.000,-321000.000,1281000.000,0.000,848000.000,-851000.000,0.000,0.000,572000.000,536000.000,0.000,0.000,0.000,0.000,0.000
InterestExpense,7857000.000,7905000.000,7718000.000,7867000.000,7698000.000,7751000.000,7188000.000,7383000.000,7416000.000,7793000.000,10226000.000,9383000.000,8494000.000,8558000.000,8337000.000,8561000.000,8467000.000,8520000.000,8544000.000,8724000.000,8708000.000,8986000.000,8988000.000
InterestExpenseDebt,,,,,,,,,,,9200000.000,,,,,,,,,,,,
InterestPaid,,,6839000.000,,,,6985000.000,,,,9850000.000,,,,3643000.000,,,,3698000.000,,,,3962000.000
InvestmentIncomeInterest,146000.000,153000.000,130000.000,124000.000,125000.000,152000.000,155000.000,166000.000,242000.000,400000.000,225000.000,250000.000,208000.000,387000.000,194000.000,463000.000,335000.000,498000.000,153000.000,313000.000,229000.000,353000.000,330000.000
LiabilitiesAssumed1,,,,,,,,,,,4947000.000,,,,0.000,,,,7700000.000,,,,1900000.000
LossContingencyDamagesSoughtValue,,,,,,,150000000.000,,,,150000000.000,,,,150000000.000,,,,150000000.000,,,,150000000.000
MinorityInterestDecreaseFromDistributionsToNoncontrollingInterestHolders,,,,,,,,,,,,,,,,,,,,,,,716000.000
NetCashProvidedByUsedInContinuingOperations,,,39170000.000,,,,46191000.000,,,,-191302000.000,,,,35956000.000,,,,-28200000.000,,,,32728000.000
NetCashProvidedByUsedInFinancingActivities,,,-2507000.000,,,,70107000.000,,,,378949000.000,,,,-1992000.000,,,,-20857000.000,,,,-3583000.000
NetCashProvidedByUsedInFinancingActivitiesContinuingOperations,,,-2507000.000,,,,70107000.000,,,,378949000.000,,,,-1992000.000,,,,-20857000.000,,,,-3583000.000
NetCashProvidedByUsedInInvestingActivities,,,-6440000.000,,,,-49202000.000,,,,-625173000.000,,,,-29886000.000,,,,-71254000.000,,,,-22118000.000
NetCashProvidedByUsedInInvestingActivitiesContinuingOperations,,,-6440000.000,,,,-49202000.000,,,,-625173000.000,,,,-29886000.000,,,,-71254000.000,,,,-22118000.000
NetCashProvidedByUsedInOperatingActivities,,,47532000.000,,,,26156000.000,,,,54035000.000,,,,66626000.000,,,,61862000.000,,,,59761000.000
NetCashProvidedByUsedInOperatingActivitiesContinuingOperations,,,47532000.000,,,,26156000.000,,,,54035000.000,,,,66626000.000,,,,61862000.000,,,,59761000.000
NetIncomeLoss,10475000.000,9451000.000,10035000.000,12607000.000,5471000.000,25889000.000,-9153000.000,17536000.000,22487000.000,22887000.000,27956000.000,-12278000.000,10670000.000,4583000.000,-416000.000,-11242000.000,7634000.000,21662000.000,-17456000.000,-11705000.000,-8237000.000,8018000.000,-19786000.000
NetIncomeLossAttributableToNoncontrollingInterest,799000.000,470000.000,1595000.000,658000.000,1144000.000,1405000.000,1216000.000,969000.000,1567000.000,1267000.000,863000.000,1898000.000,803000.000,1907000.000,1147000.000,1325000.000,836000.000,1282000.000,1263000.000,627000.000,803000.000,441000.000,746000.000
NetIncomeLossAvailableToCommonStockholdersBasic,6768000.000,5704000.000,6291000.000,8739000.000,1562000.000,21938000.000,-9327000.000,17536000.000,22487000.000,22887000.000,27956000.000,-12278000.000,10670000.000,4583000.000,,,,,,,,,
NetIncomeLossAvailableToCommonStockholdersDiluted,,,6291000.000,8739000.000,1562000.000,21938000.000,-9327000.000,17536000.000,22487000.000,22887000.000,27956000.000,-12278000.000,10670000.000,4583000.000,,,,,,,,,
NoncashOrPartNoncashAcquisitionNetNonmonetaryAssetsAcquiredLiabilitiesAssumed1,,,,,,,3727000.000,,,,0.000,,,,,,,,,,,,
NoncontrollingInterestIncreaseFromBusinessCombination,,,,,,,,,,,,,,,,,,,,,,,2300000.000
NonoperatingIncomeExpense,-6973000.000,-9065000.000,-6954000.000,-8226000.000,-7913000.000,-8696000.000,-18547000.000,-9949000.000,-7820000.000,-22655000.000,-14265000.000,-16316000.000,-8119000.000,-19008000.000,-7932000.000,-11849000.000,-12307000.000,-12584000.000,-4572000.000,-13769000.000,-9600000.000,-12899000.000,-10547000.000
NumberOfReportingUnits,,,,,,,,,,,,,,,,,,,,,3.000,,
OperatingExpenses,104440000.000,110943000.000,107324000.000,110183000.000,119467000.000,121011000.000,117765000.000,118577000.000,114326000.000,127918000.000,153574000.000,162791000.000,157113000.000,160699000.000,156753000.000,172664000.000,156209000.000,147882000.000,156021000.000,155711000.000,150171000.000,160208000.000,159577000.000
OperatingIncomeLoss,21410000.000,18282000.000,20983000.000,26263000.000,16771000.000,35536000.000,13713000.000,31263000.000,37831000.000,39479000.000,996000.000,11470000.000,24358000.000,42287000.000,9610000.000,3969000.000,22328000.000,31945000.000,-11291000.000,3749000.000,5525000.000,19383000.000,-9385000.000
OptionIndexedToIssuersEquityShares,,,,,,,,,,,,,,,6205000.000,,,,6205000.000,,,,6205000.000
OptionIndexedToIssuersEquityStrikePrice1,,,,,,,,,,,,,,,64.460,,,,64.460,,,,64.460
OtherComprehensiveIncomeDerivativesQualifyingAsHedgesNetOfTaxPortionAttributableToParent,,,112000.000,,,,,,,,,,,,,,,,,,,,
OtherComprehensiveIncomeForeignCurrencyTransactionAndTranslationAdjustmentBeforeTaxPeriodIncreaseDecrease,,,5015000.000,-9396000.000,7258000.000,-875000.000,,,,,,,,,,,,,,,,,
OtherComprehensiveIncomeForeignCurrencyTransactionAndTranslationGainLossArisingDuringPeriodNetOfTax,,,5015000.000,,,,,,,,,,,,,,,,,,,,
OtherComprehensiveIncomeLossAvailableForSaleSecuritiesAdjustmentBeforeTax,,,,,,,,-122000.000,125000.000,,,,,,,,,,,,,,
OtherComprehensiveIncomeLossBeforeReclassificationsNetOfTax,,,,,,,,,,,17711000.000,,,,,,,,,,,,
OtherComprehensiveIncomeLossBeforeTaxPeriodIncreaseDecrease,,,16791000.000,383000.000,16505000.000,,,,,,,,,,,,,,,,,,
OtherComprehensiveIncomeLossForeignCurrencyTransactionAndTranslationAdjustmentBeforeTax,,,,,,,-4664000.000,-6031000.000,12232000.000,3746000.000,16736000.000,-1744000.000,-28355000.000,-32237000.000,5169000.000,6253000.000,-6568000.000,-33034000.000,13531000.000,-36800000.000,-26207000.000,7346000.000,9673000.000
OtherComprehensiveIncomeLossNetOfTax,,,,,,,-2778000.000,-6951000.000,11583000.000,2476000.000,16942000.000,-1510000.000,-36989000.000,-33428000.000,9671000.000,10733000.000,-7375000.000,-35299000.000,17459000.000,-39788000.000,-27130000.000,10517000.000,12564000.000
OtherComprehensiveIncomeLossNetOfTaxPortionAttributableToParent,,,,,,,-2711000.000,,,,16916000.000,,,,9881000.000,,,,17160000.000,,,,12338000.000
OtherComprehensiveIncomeLossReclassificationAdjustmentFromAOCIOnDerivativesNetOfTax,,,,,,,,,,,795000.000,941000.000,-765000.000,-2529000.000,2830000.000,2550000.000,1695000.000,-14188000.000,-545000.000,359000.000,-607000.000,1932000.000,-829000.000
OtherComprehensiveIncomeLossReclassificationAdjustmentFromAOCIOnDerivativesTax,,,,,,,,,,,35000.000,98000.000,-111000.000,-321000.000,363000.000,322000.000,187000.000,-1910000.000,-61000.000,41000.000,-75000.000,213000.000,-92000.000
OtherComprehensiveIncomeLossReclassificationAdjustmentOnDerivativesIncludedInNetIncomeNetOfTax,,,,,,,-710000.000,-1521000.000,-1810000.000,-983000.000,,,,,,,,,,,,,
OtherComprehensiveIncomeLossReclassificationAdjustmentOnDerivativesIncludedInNetIncomeTax,,,,,,,-70000.000,-63000.000,-174000.000,-388000.000,,,,,,,,,,,,,
OtherComprehensiveIncomeLossTax,,,34000.000,-362000.000,258000.000,282000.000,186000.000,-121000.000,-96000.000,-234000.000,102000.000,56000.000,-998000.000,-230000.000,582000.000,509000.000,-35000.000,-258000.000,536000.000,-212000.000,-169000.000,538000.000,326000.000
OtherComprehensiveIncomeUnrealizedGainLossOnDerivativesArisingDuringPeriodBeforeTax,,,146000.000,-3486000.000,2632000.000,2701000.000,2072000.000,-919000.000,-870000.000,-1510000.000,311000.000,274000.000,-9632000.000,-1500000.000,5027000.000,5002000.000,-686000.000,-2424000.000,,,,,
OtherNoncashIncomeExpense,,,-275000.000,,,,-4661000.000,,,,-5146000.000,,,,-9072000.000,,,,-2747000.000,,,,-4605000.000
OtherNonoperatingIncomeExpense,738000.000,-1313000.000,634000.000,-483000.000,-340000.000,-1097000.000,-1808000.000,-2559000.000,-646000.000,-15262000.000,2828000.000,-1729000.000,167000.000,-10837000.000,211000.000,-3751000.000,-4175000.000,-4562000.000,3819000.000,-5358000.000,-1121000.000,-4266000.000,-1889000.000
PaymentsForProceedsFromDerivativeInstrumentInvestingActivities,,,476000.000,,,,-17000.000,,,,,,,,,,,,,,,,
PaymentsForRepurchaseOfCommonStock,,,369000.000,,,,0.000,,,,,,,,,,,,17162000.000,,,,0.000
PaymentsForSoftware,,,1127000.000,,,,487000.000,,,,1473000.000,,,,1031000.000,,,,696000.000,,,,148000.000
PaymentsOfDebtIssuanceCosts,,,,,,,6972000.000,,,,8895000.000,,,,63000.000,,,,,,,,
PaymentsOfDividendsMinorityInterest,,,,,,,,,,,,,,,,,,,,,,,716000.000
PaymentsToAcquireBusinessesNetOfCashAcquired,,,660000.000,,,,0.000,,,,603614000.000,,,,2149000.000,,,,69751000.000,,,,13922000.000
PaymentsToAcquireInvestments,,,,,,,,,,,3339000.000,,,,38355000.000,,,,24967000.000,,,,1500000.000
PaymentsToAcquirePropertyPlantAndEquipment,,,4075000.000,,,,2490000.000,,,,3781000.000,,,,5206000.000,,,,9441000.000,,,,7159000.000
PaymentsToAcquireShortTermInvestments,,,,,,,49586000.000,,,,,,,,,,,,,,,,
PreferredStockDividendsIncomeStatementImpact,3707000.000,3747000.000,3744000.000,3868000.000,3909000.000,3951000.000,174000.000,0.000,0.000,0.000,0.000,0.000,0.000,0.000,,,,,,,,,
ProceedsFromIssuanceOfLongTermDebtAndCapitalSecuritiesNet,,,,,,,646750000.000,,,,1103750000.000,,,,0.000,,,,,,,,
ProceedsFromPaymentsForOtherFinancingActivities,,,-1424000.000,,,,,,,,,,,,,,,,-600000.000,,,,278000.000
ProceedsFromSaleAndMaturityOfAvailableForSaleSecurities,,,,,,,,,,,400000.000,,,,5500000.000,,,,32908000.000,,,,300000.000
ProceedsFromSaleMaturityAndCollectionsOfInvestments,,,,,,,,,,,350000.000,,,,5479000.000,,,,,,,,
ProceedsFromSaleOfAvailableForSaleSecurities,,,,,,,0.000,,,,,,,,,,,,,,,,
ProceedsFromStockOptionsExercised,,,1024000.000,,,,1686000.000,,,,6239000.000,,,,229000.000,,,,1000.000,,,,0.000
ProfitLoss,11274000.000,9921000.000,11630000.000,13265000.000,6615000.000,27294000.000,-7937000.000,18505000.000,24054000.000,24154000.000,28819000.000,-10380000.000,11473000.000,6490000.000,731000.000,-9917000.000,8470000.000,22944000.000,-16193000.000,-11078000.000,-7434000.000,8459000.000,-19040000.000
RepaymentsOfLongTermDebtAndCapitalSecurities,,,1738000.000,,,,578276000.000,,,,719289000.000,,,,152000.000,,,,149000.000,,,,1395000.000
ResearchAndDevelopmentExpense,26808000.000,28464000.000,28403000.000,30195000.000,27732000.000,29576000.000,30028000.000,31203000.000,30704000.000,34604000.000,41323000.000,44077000.000,43008000.000,45340000.000,43166000.000,46960000.000,45443000.000,42081000.000,44720000.000,43099000.000,41028000.000,42223000.000,46233000.000
Revenues,194959000.000,199364000.000,196635000.000,212426000.000,201520000.000,228961000.000,204786000.000,222447000.000,224314000.000,255745000.000,257393000.000,276816000.000,282574000.000,311653000.000,269536000.000,295882000.000,284054000.000,280794000.000,245424000.000,261921000.000,258902000.000,295859000.000,260995000.000
SalesRevenueGoodsNet,100423000.000,101164000.000,91999000.000,101990000.000,87404000.000,108394000.000,87350000.000,97865000.000,101974000.000,129289000.000,108136000.000,113175000.000,118346000.000,147960000.000,102799000.000,121767000.000,115573000.000,115267000.000,75712000.000,90456000.000,88004000.000,124332000.000,89817000.000
SalesRevenueNet,194959000.000,199364000.000,196635000.000,212426000.000,201520000.000,228961000.000,204786000.000,222447000.000,224314000.000,255745000.000,257393000.000,276816000.000,282574000.000,311653000.000,269536000.000,295882000.000,284054000.000,280794000.000,245424000.000,261921000.000,258902000.000,295859000.000,260995000.000
SalesRevenueServicesNet,94536000.000,98200000.000,104636000.000,110436000.000,114116000.000,120567000.000,117436000.000,124582000.000,122340000.000,126456000.000,149257000.000,163641000.000,164228000.000,163693000.000,166737000.000,174115000.000,168481000.000,165527000.000,169712000.000,171465000.000,170898000.000,171527000.000,171178000.000
SellingGeneralAndAdministrativeExpense,72217000.000,76536000.000,72723000.000,73953000.000,85626000.000,85335000.000,81704000.000,81364000.000,77472000.000,86845000.000,101048000.000,107160000.000,102738000.000,104320000.000,102850000.000,114971000.000,99870000.000,95037000.000,100035000.000,101146000.000,98899000.000,106872000.000,101807000.000
ShareBasedCompensation,,,4986000.000,,,,5719000.000,,,,10228000.000,,,,13100000.000,,,,15312000.000,,,,17620000.000
ShareBasedCompensationArrangementsByShareBasedPaymentAwardOptionsExercisesInPeriodWeightedAverageExercisePrice,,,,,,,,,,,34.560,,,,,,,,,,,,
StandardProductWarrantyAccrualCurrencyTranslationIncreaseDecrease,,,,,,,-4000.000,,,,2000.000,,,,-1000.000,,,,3000.000,,,,-12000.000
StandardProductWarrantyAccrualPayments,,,,,,,0.000,,,,,,,,,,,,167000.000,,,,97000.000
StandardProductWarrantyAccrualPreexistingIncreaseDecrease,,,,,,,,,,,,,,,,,,,201000.000,,,,76000.000
StandardProductWarrantyAccrualWarrantiesIssued,,,,,,,-158000.000,,,,-84000.000,,,,45000.000,,,,,,,,
StockIssuedDuringPeriodSharesStockOptionsExercised,,,,,,,,,,,181000.000,,,,,,,,,,,,
StockIssuedDuringPeriodValueAcquisitions,,,,,,,299639000.000,,,,,,,,,,,,,,,,
StockIssuedDuringPeriodValueShareBasedCompensation,,,,,,,74000.000,,,,,,,,0.000,,,,,,,,0.000
StockIssuedDuringPeriodValueStockOptionsExercised,,,688000.000,,,,1687000.000,,,,6259000.000,,,,229000.000,,,,1000.000,,,,
StockRepurchasedDuringPeriodShares,,,9700.000,,,,,,,,,,,,0.000,,,,,,,,
StockRepurchasedDuringPeriodValue,,,300000.000,,,,,,,,,,,,,,,,,,,,
TaxAdjustmentsSettlementsAndUnusualProvisions,,,,,,,,,,,,,,,3000000.000,,,,,,,,900000.000
TreasuryStockSharesAcquired,,,,,,,,,,,,,,,,,,,500000.000,,500000.000,,0.000
TreasuryStockValueAcquiredCostMethod,,,369000.000,,,,,,,,,,,,,,,,17162000.000,,18700000.000,,0.000
UnrealizedGainLossOnDerivatives,,,-140000.000,,,,430000.000,,,,-737000.000,,,,132000.000,,,,-1558000.000,,,,-370000.000
ValuationAllowanceDeferredTaxAssetChangeInAmount,,,,,,,,,,,45171000.000,,,,0.000,,,,,,,,
WeightedAverageNumberOfDilutedSharesOutstanding,39377000.000,39263000.000,39889000.000,40072000.000,39922000.000,-79571000.000,51970000.000,53637000.000,53946000.000,-105675000.000,55018000.000,57158000.000,61492000.000,-114294000.000,61041000.000,61733000.000,62778000.000,-122631000.000,62258000.000,62668000.000,62895000.000,-125228000.000,62485000.000
WeightedAverageNumberOfSharesOutstandingBasic,38557000.000,38807000.000,39017000.000,39712000.000,39785000.000,-78766000.000,51970000.000,52977000.000,53374000.000,-105354000.000,53737000.000,57158000.000,60644000.000,-113443000.000,61041000.000,61733000.000,62206000.000,-123167000.000,62258000.000,62668000.000,62895000.000,-125228000.000,62485000.000
