,2011-06-30,2011-09-30,2012-03-31,2012-06-30,2012-09-30,2012-12-31,2013-03-31,2013-06-30,2013-09-30,2013-12-31,2014-03-31,2014-06-30,2014-09-30,2014-12-31,2015-03-31,2015-06-30,2015-09-30,2015-12-31,2016-03-31
AmortizationOfDebtDiscountPremium,,,87000.000,,,,76000.000,,,,77000.000,,,,0.000,,,,
AmortizationOfFinancingCosts,,,690000.000,,,,1269000.000,,,,810000.000,,,,868000.000,,,,715000.000
CapitalExpendituresIncurredButNotYetPaid,,,,,,,,,,,4833000.000,,,,4901000.000,,,,3292000.000
CashAndCashEquivalentsPeriodIncreaseDecrease,,,8516000.000,,,,-5115000.000,,,,-12171000.000,,,,-5000.000,,,,15000.000
CashProvidedByUsedInInvestingActivitiesDiscontinuedOperations,,,,,,,0.000,,,,,,,,41250000.000,,,,0.000
CashProvidedByUsedInOperatingActivitiesDiscontinuedOperations,,,,,,,-8678000.000,,,,0.000,,,,-1580000.000,,,,0.000
ComprehensiveIncomeNetOfTax,9295000.000,6156000.000,10465000.000,6693000.000,72338000.000,11865000.000,16637000.000,9078000.000,192000.000,-39261000.000,,,,,,,,,
CostOfGoodsSold,230704000.000,255983000.000,268160000.000,227760000.000,251725000.000,449886000.000,345390000.000,276582000.000,283020000.000,393332000.000,406580000.000,330743000.000,299436000.000,243857000.000,203812000.000,151799000.000,135090000.000,150696000.000,129900000.000
CostsAndExpenses,281737000.000,309901000.000,323114000.000,276596000.000,303026000.000,513372000.000,407673000.000,338353000.000,347373000.000,458605000.000,473074000.000,402338000.000,374872000.000,322972000.000,280641000.000,231302000.000,212401000.000,240186000.000,201351000.000
CurrentStateAndLocalTaxExpenseBenefit,,,,307000.000,238000.000,,307000.000,300000.000,303000.000,-157000.000,300000.000,354000.000,300000.000,183000.000,,,,,
DeferredIncomeTaxExpenseBenefit,,,-170000.000,,,,,,,,,,,,,,,,
DepreciationDepletionAndAmortization,11309000.000,11400000.000,11095000.000,9791000.000,9966000.000,11211000.000,11893000.000,12353000.000,13698000.000,14296000.000,13992000.000,14594000.000,16743000.000,23501000.000,22717000.000,22685000.000,23335000.000,23513000.000,22048000.000
DiscontinuedOperationIntercompanyAmountsWithDiscontinuedOperationBeforeDisposalTransactionCosts,,,,,62251000.000,,,,,,,,,,,,,,
DiscontinuedOperationIntercompanyAmountsWithDiscontinuedOperationBeforeDisposalTransactionRevenue,,,,,3285000.000,,0.000,0.000,,,,,,,,,,,
ExtraordinaryItemGainOrLossNetOfTaxAttributableToReportingEntity,,,,,,,0.000,0.000,0.000,,,,,,,,,,
GainLossOnInvestments,,,,,,,,,,,,,,,-2100000.000,,,,-2500000.000
GainLossOnSaleOfPropertyPlantEquipment,,,4000.000,,,,372000.000,,,,-45000.000,,,,-12000.000,,,,84000.000
GainsLossesOnExtinguishmentOfDebt,,,,,,,,,,,,,,,,,728000.000,,
ImpairmentOfLongLivedAssetsHeldForUse,,,,,,,,,,,,,3445000.000,,,,0.000,,
IncentiveDistributionDistributionPerYear,,,,1429000.000,0.000,,,,,,,,,,,,,,
IncomeLossAttributableToParent,8770000.000,5399000.000,10529000.000,7192000.000,72401000.000,11865000.000,16637000.000,9078000.000,192000.000,-39261000.000,11795000.000,-968000.000,-26905000.000,4373000.000,17248000.000,10961000.000,3330000.000,6841000.000,15914000.000
IncomeLossFromContinuingOperations,,,,5208000.000,8798000.000,,16637000.000,9078000.000,192000.000,-39261000.000,,,,,16033000.000,10961000.000,3330000.000,6841000.000,15914000.000
IncomeLossFromContinuingOperationsBeforeIncomeTaxesExtraordinaryItemsNoncontrollingInterest,9000000.000,5638000.000,10626000.000,5515000.000,9036000.000,15502000.000,16944000.000,9378000.000,495000.000,-39418000.000,12095000.000,-614000.000,-26605000.000,9894000.000,16333000.000,11275000.000,3530000.000,7075000.000,15965000.000
IncomeLossFromContinuingOperationsNetOfTaxPerOutstandingLimitedPartnershipUnitDiluted,,,,,,,,,0.010,,,,,,0.340,0.190,-0.020,0.090,0.330
IncomeLossFromContinuingOperationsPerOutstandingLimitedPartnershipUnit,,,,0.180,,,,,,,,,,,,,,,
IncomeLossFromContinuingOperationsPerOutstandingLimitedPartnershipUnitBasicNetOfTax,,,,,,,,,0.010,,,,,,0.340,0.190,-0.020,0.090,0.330
IncomeLossFromContinuingOperationsPerOutstandingLimitedPartnershipUnitDiluted,,,,0.180,,,,,,,,,,,,,,,
IncomeLossFromDiscontinuedOperationsNetOfTaxAttributableToReportingEntity,,,,1984000.000,63603000.000,,0.000,0.000,0.000,0.000,,,,,1215000.000,0.000,0.000,0.000,0.000
IncomeLossFromDiscontinuedOperationsNetOfTaxPerOutstandingLimitedPartnershipUnit,,,,0.070,,,,,,,,,,,,,,,
IncomeLossFromDiscontinuedOperationsNetOfTaxPerOutstandingLimitedPartnershipUnitBasic,,,,,,,,,0.000,,,,,,0.030,0.000,0.000,-0.010,0.000
IncomeLossFromDiscontinuedOperationsNetOfTaxPerOutstandingLimitedPartnershipUnitDiluted,,,,0.070,,,,,,,,,,,,,,,
IncomeLossFromDiscontinuedOperationsNetOfTaxPerOutstandingLimitedPartnershipUnitDiluted1,,,,,,,,,0.000,,,,,,0.030,0.000,0.000,-0.010,0.000
IncomeLossFromEquityMethodInvestments,2793000.000,1784000.000,2847000.000,-745000.000,-169000.000,-3046000.000,-374000.000,73000.000,-577000.000,-52170000.000,-296000.000,1938000.000,2655000.000,1169000.000,1740000.000,1649000.000,2363000.000,3234000.000,1677000.000
IncomeTaxExpenseBenefit,230000.000,239000.000,97000.000,307000.000,238000.000,2915000.000,307000.000,300000.000,303000.000,-157000.000,300000.000,354000.000,300000.000,183000.000,300000.000,314000.000,200000.000,234000.000,51000.000
IncreaseDecreaseInAccountsAndOtherReceivables,,,-14324000.000,,,,-56639000.000,,,,-27801000.000,,,,-39716000.000,,,,-15136000.000
IncreaseDecreaseInAccountsPayable,,,-29863000.000,,,,-24429000.000,,,,-19635000.000,,,,-46504000.000,,,,-13078000.000
IncreaseDecreaseInAccruedIncomeTaxesPayable,,,263000.000,,,,484000.000,,,,300000.000,,,,300000.000,,,,51000.000
IncreaseDecreaseInDerivativeAssets,,,,,,,,,,,,,,,,,,,2001000.000
IncreaseDecreaseInDueFromAffiliatesCurrent,,,3955000.000,,,,25635000.000,,,,4349000.000,,,,-2243000.000,,,,1432000.000
IncreaseDecreaseInDueToAffiliatesCurrent,,,-4318000.000,,,,2394000.000,,,,448000.000,,,,1620000.000,,,,-2640000.000
IncreaseDecreaseInInventories,,,3324000.000,,,,-25494000.000,,,,-131000.000,,,,-20203000.000,,,,-17966000.000
IncreaseDecreaseInOtherAccruedLiabilities,,,1109000.000,,,,4185000.000,,,,-4677000.000,,,,-12345000.000,,,,-8223000.000
IncreaseDecreaseInOtherCurrentAssets,,,23000.000,,,,1046000.000,,,,381000.000,,,,-184000.000,,,,-1142000.000
IncreaseDecreaseInOtherNoncurrentAssetsAndLiabilitiesNet,,,-53000.000,,,,-26000.000,,,,43000.000,,,,339000.000,,,,419000.000
InterestExpense,4403000.000,4297000.000,7207000.000,8265000.000,6263000.000,8930000.000,9058000.000,10940000.000,11060000.000,11437000.000,11451000.000,11441000.000,,,,,,,
InterestIncomeExpenseNet,,,,,,,,,,,,,-11459000.000,,-10546000.000,-9925000.000,-11994000.000,-10827000.000,-10112000.000
InterestPaid,,,,14343000.000,4696000.000,,2217000.000,9391000.000,11289000.000,10141000.000,11689000.000,6735000.000,17346000.000,1342000.000,18089000.000,3015000.000,18017000.000,4255000.000,17359000.000
InterestPaidCapitalized,,,,270000.000,175000.000,,180000.000,238000.000,326000.000,352000.000,388000.000,335000.000,234000.000,480000.000,525000.000,570000.000,427000.000,422000.000,324000.000
InterestRateCashFlowHedgeGainLossReclassifiedToEarningsNet,,,,0.000,0.000,,,,,,,,,,,,,,
InvestmentIncomeAmortizationOfPremium,,,251000.000,2219000.000,0.000,0.000,0.000,0.000,0.000,272000.000,,7767000.000,0.000,,,0.000,0.000,,
LimitedLiabilityCompanyLLCOrLimitedPartnershipLPManagingMemberOrGeneralPartnerOwnershipInterest,,,,,,,0.020,,,,0.020,,,,0.020,,,,0.020
LimitedLiabilityCompanyLLCOrLimitedPartnershipLPMembersOrLimitedPartnersOwnershipInterest,,,,,,,0.980,,,,0.980,,,,0.980,,,,0.980
NaturalGasProductionRevenue,,,,,,,,,,,,,5764000.000,,16487000.000,16564000.000,17120000.000,14687000.000,16097000.000
NetCashProvidedByUsedInFinancingActivities,,,47477000.000,,,,15238000.000,,,,-31639000.000,,,,-73604000.000,,,,-24965000.000
NetCashProvidedByUsedInFinancingActivitiesContinuingOperations,,,47477000.000,,,,15238000.000,,,,-31639000.000,,,,-73604000.000,,,,-24965000.000
NetCashProvidedByUsedInInvestingActivities,,,-37466000.000,,,,-85746000.000,,,,-17056000.000,,,,26855000.000,,,,-20326000.000
NetCashProvidedByUsedInInvestingActivitiesContinuingOperations,,,-37466000.000,,,,-85746000.000,,,,-17056000.000,,,,-14395000.000,,,,-20326000.000
NetCashProvidedByUsedInOperatingActivities,,,-1495000.000,,,,65393000.000,,,,36524000.000,,,,46744000.000,,,,45306000.000
NetCashProvidedByUsedInOperatingActivitiesContinuingOperations,,,-1495000.000,,,,74071000.000,,,,36524000.000,,,,48324000.000,,,,45306000.000
NetIncomeLoss,8770000.000,5399000.000,10529000.000,7192000.000,72401000.000,11865000.000,16637000.000,9078000.000,192000.000,-39261000.000,11795000.000,,,,17248000.000,,,,15914000.000
NetIncomeLossAllocatedToGeneralPartners,1415000.000,1348000.000,1450000.000,1544000.000,1448000.000,-9190000.000,333000.000,181000.000,4000.000,-251000.000,-236000.000,19000.000,539000.000,-3825000.000,-4238000.000,-4113000.000,3959000.000,20730000.000,4211000.000
NetIncomeLossAllocatedToLimitedPartners,7078000.000,3774000.000,9079000.000,5648000.000,70953000.000,6937000.000,16261000.000,8874000.000,187000.000,-38369000.000,11527000.000,-946000.000,-26304000.000,547000.000,12943000.000,6804000.000,-645000.000,2800000.000,11660000.000
NetIncomeLossNetOfTaxPerOutstandingLimitedPartnershipUnitDiluted,,,,,,,,,0.010,,0.430,-0.030,-0.820,-0.070,0.370,0.190,-0.020,0.080,0.330
NetIncomeLossPerOutstandingLimitedPartnershipAndGeneralPartnershipUnitBasicAndDiluted,0.370,0.200,0.400,,,,,,,,,,,,,,,,
NetIncomeLossPerOutstandingLimitedPartnershipUnit,,,,0.250,,,,,,,,,,,,,,,
NetIncomeLossPerOutstandingLimitedPartnershipUnitBasicNetOfTax,,,,,,,,,0.010,,0.430,-0.030,-0.820,-0.070,0.370,0.190,-0.020,0.080,0.330
NetIncomeLossPerOutstandingLimitedPartnershipUnitDiluted,,,,0.250,,,,,,,,,,,,,,,
NonoperatingIncomeExpense,-1566000.000,-2490000.000,-4550000.000,-11145000.000,-5845000.000,-11616000.000,-9441000.000,-10881000.000,-11748000.000,-63203000.000,-11814000.000,-17320000.000,-38620000.000,-5347000.000,-8369000.000,-8355000.000,-8504000.000,-6712000.000,-8373000.000
OperatingExpenses,34712000.000,35669000.000,38170000.000,34442000.000,36655000.000,41753000.000,43360000.000,43035000.000,43444000.000,42204000.000,43896000.000,48256000.000,48391000.000,43506000.000,45306000.000,47783000.000,45310000.000,45067000.000,41232000.000
OperatingIncomeLoss,10566000.000,8128000.000,15176000.000,16660000.000,14881000.000,27118000.000,26385000.000,20259000.000,12243000.000,23785000.000,23909000.000,16706000.000,12015000.000,15241000.000,24702000.000,19630000.000,12034000.000,13787000.000,24338000.000
OtherComprehensiveIncomeLossNetOfTax,,,,-499000.000,-63000.000,,0.000,0.000,0.000,0.000,,,,,,,,,
OtherComprehensiveIncomeLossNetOfTaxPeriodIncreaseDecrease,,,-64000.000,,,,,,,,,,,,,,,,
OtherComprehensiveIncomeUnrealizedGainLossOnDerivativesArisingDuringPeriodNetOfTax,,,-64000.000,,,,,,,,,,,,,,,,
OtherNoncashIncomeExpense,,,-56000.000,,,,-6000.000,,,,0.000,,,,,,,,
OtherNonoperatingIncomeExpense,44000.000,23000.000,61000.000,84000.000,587000.000,360000.000,-9000.000,-14000.000,-111000.000,676000.000,-67000.000,-50000.000,286000.000,1336000.000,437000.000,-79000.000,399000.000,367000.000,62000.000
OtherOperatingIncome,98000.000,1720000.000,4000.000,378000.000,-5000.000,-795000.000,372000.000,424000.000,0.000,370000.000,-45000.000,99000.000,347000.000,-1415000.000,-10000.000,-167000.000,-1586000.000,-398000.000,84000.000
PartnersCapitalAccountContributions,,,1951000.000,,,,37000.000,,,,114000.000,,,,55000.000,,,,
PartnersCapitalAccountDistributions,,,19444000.000,,,,20957000.000,,,,21370000.000,,,,33208000.000,,,,33355000.000
PartnersCapitalAccountPublicSaleOfUnits,,,91377000.000,,,,,,,,5235000.000,,,,-145000.000,,,,
PartnersCapitalAccountTreasuryUnitsPurchases,,,,,,,,,,,277000.000,,,,,,,,
PartnersCapitalAccountUnitBasedCompensation,,,56000.000,,,,256000.000,,,,179000.000,,,,399000.000,,,,222000.000
PartnersCapitalAccountUnitsSoldInPrivatePlacement,,,,,,,,,,,,,89252.000,,0.000,,,,
PaymentsForProceedsFromOtherInvestingActivities,,,,,,,,,,,-2475000.000,,,,0.000,,,,
PaymentsForRepurchaseOfCommonStock,,,0.000,,,,,,,,277000.000,,,,0.000,,,,330000.000
PaymentsOfDebtIssuanceCosts,,,,,,,8761000.000,,,,341000.000,,,,306000.000,,,,30000.000
PaymentsOfDistributionsToAffiliates,,,19444000.000,,,,20957000.000,,,,21370000.000,,,,33208000.000,,,,33355000.000
PaymentsOfStockIssuanceCosts,,,,,,,,,,,,,71000.000,,145000.000,,,,
PaymentsToAcquireBusinessesNetOfCashAcquired,,,0.000,,,,50801000.000,,,,0.000,,,,,,,,
PaymentsToAcquireEquityMethodInvestments,,,,,,,,,,,0.000,,,,,,,,
PaymentsToAcquireIntangibleAssets,,,,,,,,,,,,,,,,,,,2150000.000
PaymentsToAcquireProductiveAssets,,,,16177000.000,17393000.000,,14715000.000,13906000.000,39972000.000,30453000.000,21475000.000,19763000.000,17285000.000,30760000.000,17829000.000,14251000.000,12718000.000,23929000.000,15577000.000
PaymentsToAcquirePropertyPlantAndEquipment,,,30082000.000,,,,14715000.000,,,,16642000.000,,,,12927000.000,,,,17298000.000
PriceRiskCashFlowHedgeGainOrLossReclassifiedToEarningsNet,,,,-499000.000,-63000.000,,0.000,0.000,0.000,0.000,,,,,,,,,
ProceedsFromEquityMethodInvestmentDividendsOrDistributionsReturnOfCapital,,,,,,,,,,,,,,,,,3400000.000,,
ProceedsFromIssuanceOfCommonStock,,,91377000.000,,,,0.000,,,,5235000.000,11848000.000,3467000.000,571000.000,0.000,,,,
ProceedsFromIssuanceOfLongTermDebt,,,126000000.000,,,,418000000.000,,,,76000000.000,,,,32000000.000,,,,94200000.000
ProceedsFromPartnershipContribution,,,1951000.000,,,,37000.000,,,,114000.000,,,,55000.000,,,,0.000
ProceedsFromSaleOfPropertyPlantAndEquipment,,,95000.000,,,,3610000.000,,,,245000.000,,,,0.000,,,,113000.000
RelatedPartyTransactionExpensesFromTransactionsWithRelatedParty,,,,11755000.000,10999000.000,,25051000.000,25666000.000,25826000.000,-27675000.000,9844000.000,6553000.000,9174000.000,10770000.000,15944000.000,5632000.000,,,
RelatedPartyTransactionSellingGeneralAndAdministrativeExpensesFromTransactionsWithRelatedParty,,,,2828000.000,2764000.000,,4418000.000,4170000.000,4356000.000,4789000.000,,,,,5994000.000,,,,
RepaymentsOfLongTermDebt,,,146000000.000,,,,373000000.000,,,,91000000.000,,,,72000000.000,,,,86200000.000
RepaymentsOfLongTermDebtAndCapitalSecurities,,,6407000.000,,,,81000.000,,,,0.000,,,,,,,,
RevenueFromRelatedParties,,,,17098000.000,24146000.000,,25380000.000,25366000.000,24951000.000,25172000.000,,,,,28808000.000,,,,
Revenues,292303000.000,318029000.000,338290000.000,294806000.000,319880000.000,540490000.000,435409000.000,360394000.000,361979000.000,484499000.000,499251000.000,421450000.000,392895000.000,339413000.000,307907000.000,252897000.000,224435000.000,253973000.000,225689000.000
RevenuesFromTransactionsWithOtherOperatingSegmentsOfSameEntity,,,,1928000.000,-1968000.000,,-1723000.000,-2206000.000,,,,,,,,,,,
SalesRevenueGoodsNet,252652000.000,273305000.000,294312000.000,248193000.000,269009000.000,491154000.000,376814000.000,302270000.000,303442000.000,424492000.000,438780000.000,359587000.000,325022000.000,261734000.000,231343000.000,177649000.000,153256000.000,185770000.000,158757000.000
SalesRevenueNet,292205000.000,316309000.000,338286000.000,292878000.000,317912000.000,541285000.000,433686000.000,358188000.000,359616000.000,482020000.000,497028000.000,418945000.000,389985000.000,336183000.000,305353000.000,251099000.000,226021000.000,254371000.000,225605000.000
SellingGeneralAndAdministrativeExpense,5012000.000,6849000.000,5689000.000,4603000.000,4680000.000,10522000.000,7030000.000,6383000.000,7211000.000,8773000.000,8606000.000,8745000.000,10302000.000,8663000.000,8806000.000,9035000.000,8666000.000,10281000.000,8171000.000
ShareBasedCompensation,,,,62000.000,261000.000,,256000.000,,,,179000.000,,,,399000.000,,,,222000.000
StateAndLocalIncomeTaxExpenseBenefitContinuingOperations,,,,3000.000,568000.000,,0.000,,,,,,,,,,,,
TreasuryStockValueAcquiredCostMethod,,,,,,,,,,,,,,,,,,,330000.000
UnrealizedGainLossOnDerivatives,,,-10000.000,,,,,,,,,,,,,,,,
WeightedAverageLimitedPartnershipUnitsOutstanding,19158507.000,19158334.000,22576404000.000,23103000.000,23101233.000,-22599246682.000,26560654.000,26558028.000,26552028.000,-53112881.000,26571666.000,28923513.000,32242571.000,-56952715.000,35317197.000,35307638.000,35307583.000,,
WeightedAverageLimitedPartnershipUnitsOutstandingDiluted,19158901.000,19163128.000,22579908000.000,23104000.000,23105000.000,-22602752000.000,26569000.000,26579000.000,26579000.000,-53169000.000,26605000.000,28923513.000,32242571.000,-56986084.000,35360000.000,35376000.000,35308000.000,-70672000.000,35366000.000
WeightedAverageNumerDilutedLimitedPartnershipUnitsOutstandingAdjustment,,,,1562.000,3596.000,,8756.000,21284.000,26632.000,,33101.000,,,,42892.000,68499.000,,,11483.000
