,2011-06-30,2011-09-30,2012-03-31,2012-06-30,2012-09-30,2012-12-31,2013-03-31,2013-06-30,2013-09-30,2013-12-31,2014-03-31,2014-06-30,2014-09-30,2014-12-31,2015-03-31,2015-06-30,2015-09-30,2015-12-31,2016-03-31,2016-06-30,2016-09-30,2016-12-31,2017-03-31
AccretionAmortizationOfDiscountsAndPremiumsInvestments,,,-209000.000,,,,-141000.000,,,,-208000.000,,,,,,,,,,,,
AdvertisingExpense,,,,,,,6312000.000,283000.000,86000.000,140000.000,0.000,0.000,0.000,,,,,,,,,,
AllocatedShareBasedCompensationExpense,,,,658000.000,707000.000,,,,,,,,,,241000.000,1185000.000,1513000.000,2123000.000,2419000.000,3023000.000,2659000.000,2691000.000,4044000.000
AntidilutiveSecuritiesExcludedFromComputationOfEarningsPerShareAmount,,,,,2114000.000,,3939000.000,,4517000.000,,4204000.000,,,,1357255.000,2057630.000,,,3350141.000,,,,4523572.000
AssetImpairmentCharges,,,,,,,,,,,,,4300000.000,,,,,,,,,,
BusinessCombinationContingentConsiderationArrangementsChangeInAmountOfContingentConsiderationLiability1,,,,,,,,,,,,,,,-3140000.000,400000.000,-240000.000,-580000.000,105000.000,15000.000,-170000.000,-295000.000,-231000.000
CapitalExpendituresIncurredButNotYetPaid,,,,,,,,,,,,,,,,,,,,,,,198000.000
CashAndCashEquivalentsPeriodIncreaseDecrease,,,-8340000.000,,,,-9660000.000,,,,11426000.000,,,,,,,,-87159000.000,,,,9082000.000
CashPeriodIncreaseDecrease,,,,,,,,,,,,,,,-3346000.000,,,,,,,,
CommonStockDividendsPerShareCashPaid,,,,,,,,,,,,1.330,0.000,,,,,,,,,,
ComprehensiveIncomeNetOfTax,,,-5206000.000,-5142000.000,4862000.000,-6552000.000,-10500000.000,-6724000.000,-4663000.000,-5544000.000,-2806000.000,-3337000.000,-8205000.000,,,,,,-31270000.000,-30250000.000,-23648000.000,-26484000.000,-27708000.000
CostsAndExpenses,5345000.000,5587000.000,5141000.000,5590000.000,5540000.000,5183000.000,4645000.000,6890000.000,5068000.000,5694000.000,3204000.000,3664000.000,8348000.000,-3076000.000,10633000.000,15679000.000,23372000.000,20369000.000,30732000.000,29752000.000,23113000.000,25918000.000,26789000.000
DepreciationDepletionAndAmortization,,,66000.000,,,,41000.000,,,,6000.000,,,,272000.000,,,,244000.000,,,,301000.000
DerivativeGainLossOnDerivativeNet,,,,,,,,,,,,,,,,0.000,0.000,,,,,,
EarningsPerShareBasic,,,,,0.260,,,,-0.250,,,,,,,,,,,,,,
EarningsPerShareBasicAndDiluted,-0.170,-0.370,-0.370,-0.300,,,-0.560,-0.360,,,-0.150,-0.180,-0.430,-7.060,-0.740,-0.960,-1.330,-1.260,-1.780,-1.690,-1.040,-1.000,-1.140
EarningsPerShareDiluted,,,,,0.250,,,,-0.250,,,,,,,,,,,,,,
FederalIncomeTaxExpenseBenefitContinuingOperations,,,,,,,,,,,,,,,0.000,,,,0.000,,,,0.000
GainLossOnSalesOfAssetsAndAssetImpairmentCharges,,,,,,,-1000.000,,,,102000.000,,,,,,,,,,,,
GeneralAndAdministrativeExpense,2582000.000,2919000.000,2784000.000,2731000.000,2483000.000,2265000.000,2802000.000,3030000.000,2658000.000,3941000.000,2496000.000,3079000.000,3753000.000,-3480000.000,4271000.000,4281000.000,5795000.000,5641000.000,6339000.000,7602000.000,5949000.000,6510000.000,8363000.000
GoodwillImpairmentLoss,,,,,,,,2962000.000,0.000,,,0.000,0.000,,,,,,,,,,
ImpairmentOfIntangibleAssetsFinitelived,,,,,,,,,,,,,,,2761000.000,0.000,0.000,99000.000,0.000,0.000,0.000,,
IncreaseDecreaseInAccountsPayable,,,-19000.000,,,,-48000.000,,,,473000.000,,,,,,,,,,,,
IncreaseDecreaseInAccountsPayableAndAccruedLiabilities,,,,,,,,,,,,,,,3543000.000,,,,5430000.000,,,,-2439000.000
IncreaseDecreaseInAccountsReceivableAndOtherOperatingAssets,,,,,,,,,,,,,,,-3941000.000,,,,-4471000.000,,,,-420000.000
IncreaseDecreaseInOtherAccruedLiabilities,,,-681000.000,,,,-502000.000,,,,-465000.000,,,,,,,,,,,,
IncreaseDecreaseInOtherOperatingCapitalNet,,,,,,,,,,,,,,,293000.000,,,,74000.000,,,,-355000.000
IncreaseDecreaseInPrepaidDeferredExpenseAndOtherAssets,,,-1346000.000,,,,-5787000.000,,,,-2037000.000,,,,,,,,,,,,
IncreaseDecreaseInRestrictedCash,,,,,,,,,,,,,,,,,,,947000.000,,,,-690000.000
IncreaseDecreaseInRestrictedCashForOperatingActivities,,,,,,,,,,,,,,,-82000.000,,,,,,,,
IncrementalCommonSharesAttributableToShareBasedPaymentArrangements,,,,,664000.000,,,,0.000,,,,,,,,,,,,,,
InterestExpense,2000.000,2000.000,,,,,,,,,,,,,,,,,730000.000,818000.000,820000.000,855000.000,1132000.000
InterestIncomeExpenseNet,,,,,,,,,,,,,,,,-25000.000,-47000.000,,,,,,
InterestPaid,,,,,,,,,,,,,,,,,,,,,,,737000.000
InvestmentIncomeInterest,21000.000,18000.000,,,,,,,,,,,,,,,,,191000.000,288000.000,309000.000,281000.000,240000.000
LicensesRevenue,3125000.000,625000.000,,,,,,,,,,,,,,,,,,,,,
LitigationSettlementAmount,,,,,,,,,,,,,,,600000.000,,,,,,,,
MarketableSecuritiesRealizedGainLoss,,,,,,,,,,,,,,,,,,,0.000,0.000,0.000,0.000,
NetCashProvidedByUsedInFinancingActivities,,,629000.000,,,,214000.000,,,,1000.000,,,,16000.000,,,,750000.000,,,,36881000.000
NetCashProvidedByUsedInFinancingActivitiesContinuingOperations,,,629000.000,,,,214000.000,,,,1000.000,,,,16000.000,,,,750000.000,,,,36881000.000
NetCashProvidedByUsedInInvestingActivities,,,-5422000.000,,,,-5604000.000,,,,11556000.000,,,,-136000.000,,,,-69399000.000,,,,-2872000.000
NetCashProvidedByUsedInInvestingActivitiesContinuingOperations,,,-5422000.000,,,,-5604000.000,,,,11556000.000,,,,-136000.000,,,,-69399000.000,,,,-2872000.000
NetCashProvidedByUsedInOperatingActivities,,,-3547000.000,,,,-4270000.000,,,,-131000.000,,,,-3226000.000,,,,-18510000.000,,,,-24927000.000
NetCashProvidedByUsedInOperatingActivitiesContinuingOperations,,,-3547000.000,,,,-4270000.000,,,,-131000.000,,,,-3226000.000,,,,-18510000.000,,,,-24927000.000
NetIncomeLoss,-2246000.000,-4991000.000,-5177000.000,-5140000.000,4855000.000,-6554000.000,-10500000.000,-6708000.000,-4703000.000,-5535000.000,-2804000.000,-3326000.000,-8201000.000,-3504000.000,-10633000.000,-15699000.000,-23421000.000,-21107000.000,-31271000.000,-30283000.000,-23628000.000,-26454000.000,-27670000.000
NetIncomeLossAvailableToCommonStockholdersBasic,,,,,,,,,,,,,,,-10633000.000,-15699000.000,-23421000.000,-21107000.000,,,,,
OperatingIncomeLoss,-2220000.000,-4962000.000,-5141000.000,-5097000.000,4900000.000,-6519000.000,-10475000.000,-6692000.000,-4686000.000,-5518000.000,-2786000.000,-3302000.000,-8166000.000,6456000.000,-10633000.000,-15679000.000,-23372000.000,-20369000.000,-30732000.000,-29752000.000,-23113000.000,-25889000.000,-26771000.000
OperatingLeasesRentExpenseNet,,,,,,,,,,,,,,,,,139000.000,,100000.000,100000.000,100000.000,400000.000,
OtherComprehensiveIncomeUnrealizedHoldingGainLossOnSecuritiesArisingDuringPeriodNetOfTax,,,,,,,0.000,-16000.000,40000.000,-9000.000,-2000.000,-11000.000,-4000.000,,,,,,1000.000,33000.000,-20000.000,-30000.000,-38000.000
OtherNonoperatingGainsLosses,,,,,,,,,,,,,,,,,,,-3000.000,,,,
OtherNonoperatingIncomeExpense,-45000.000,-45000.000,-36000.000,-43000.000,-45000.000,-35000.000,-25000.000,-16000.000,-17000.000,-17000.000,-18000.000,-24000.000,-35000.000,,,5000.000,-2000.000,,3000.000,-1000.000,-4000.000,6000.000,-7000.000
OtherSalesRevenueNet,,,,,250000.000,,,,50000.000,,,,0.000,,,,,,,,,,
OtherThanTemporaryImpairmentLossesInvestmentsAvailableforsaleSecurities,,,,,,,,,,,,,,,,,,,0.000,0.000,0.000,0.000,
PaidInKindInterest,,,,,,,,,,,,,,,,,,,357000.000,,,,293000.000
PaymentsForProceedsFromProductiveAssets,,,,,,,,,,,,,,,136000.000,,,,99000.000,,,,
PaymentsToAcquireMarketableSecurities,,,12420000.000,,,,29432000.000,,,,0.000,,,,,,,,68209000.000,,,,27665000.000
PaymentsToAcquireProductiveAssets,,,,,,,,,,,,,,,,,,,,,,,897000.000
PaymentsToAcquirePropertyPlantAndEquipment,,,2000.000,,,,2000.000,,,,0.000,,,,,,,,,,,,
PreferredStockDividendsAndOtherAdjustments,,,,,,,,,,,,,,,,0.000,0.000,,,,,,
ProceedsFromIssuanceInitialPublicOffering,,,,37600000.000,,,,,,,,,,,70700000.000,,,,,,,,
ProceedsFromIssuanceOfCommonStock,,,629000.000,,,,214000.000,,,,1000.000,,,,,,,,739000.000,,,,36859000.000
ProceedsFromSaleAndMaturityOfMarketableSecurities,,,7000000.000,,,,23830000.000,,,,11441000.000,,,,,,,,,,,,25000000.000
ProceedsFromSaleOfPropertyPlantAndEquipment,,,,,,,,,,,115000.000,,,,,,,,,,,,
ProceedsFromStockOptionsExercised,,,,,,,,,,,,,,,16000.000,,,,11000.000,,,,22000.000
ResearchAndDevelopmentExpenseExcludingAcquiredInProcessCost,2763000.000,2668000.000,2357000.000,2859000.000,3057000.000,2918000.000,1843000.000,898000.000,2410000.000,1753000.000,708000.000,585000.000,295000.000,3426000.000,6741000.000,10998000.000,17817000.000,15209000.000,24288000.000,22135000.000,17334000.000,19703000.000,18657000.000
RevenueRecognitionMilestoneMethodRevenueRecognized,,,,,,,,,0.000,,,,,,,,,,,,,,
Revenues,,,,493000.000,10440000.000,,-5830000.000,198000.000,382000.000,176000.000,418000.000,362000.000,182000.000,,,,,,,,,,18000.000
RoyaltyRevenue,,,,493000.000,190000.000,,482000.000,481000.000,418000.000,316000.000,418000.000,362000.000,182000.000,,,,,,,,,,18000.000
SalesRevenueNet,,,,493000.000,10440000.000,,-5830000.000,198000.000,382000.000,176000.000,418000.000,362000.000,182000.000,,,,,,,,,,18000.000
SalesRevenueServicesNet,,,,,,,,,,,,,,,,0.000,0.000,,0.000,,,,
ShareBasedCompensation,,,773000.000,,,,810000.000,,,,516000.000,,,,241000.000,,,,2419000.000,,,,4044000.000
ShareBasedCompensationArrangementByShareBasedPaymentAwardEquityInstrumentsOtherThanOptionsVestedInPeriodWeightedAverageGrantDateFairValue,,,,,,,,,,,,,,,12.040,,,,,,,,
ShareBasedCompensationArrangementByShareBasedPaymentAwardOptionsForfeituresAndExpirationsInPeriod,,,,,,,,,,,,,,,,,,,3167.000,,,,30076.000
ShareBasedCompensationArrangementByShareBasedPaymentAwardOptionsForfeituresAndExpirationsInPeriodWeightedAverageExercisePrice,,,,,,,,,,,,,,,,,,,24.070,,,,19.300
ShareBasedCompensationArrangementByShareBasedPaymentAwardOptionsForfeituresInPeriod,,,,,,,,,,,,,,,4050.000,,,,,,,,
ShareBasedCompensationArrangementByShareBasedPaymentAwardOptionsGrantsInPeriodGross,,,,,,,,,,,,,,,568769.000,,,,590000.000,,,,702750.000
ShareBasedCompensationArrangementByShareBasedPaymentAwardPlanModificationIncrementalCompensationCost,,,,12000.000,,,,,,,,,,,,,,,,,,,
ShareBasedCompensationArrangementsByShareBasedPaymentAwardOptionsExercisesInPeriodWeightedAverageExercisePrice,,,,,,,,,,,,,,,4.300,,,,4.300,,,,14.050
ShareBasedCompensationArrangementsByShareBasedPaymentAwardOptionsForfeituresInPeriodWeightedAverageExercisePrice,,,,,,,,,,,,,,,24.070,,,,,,,,
ShareBasedCompensationArrangementsByShareBasedPaymentAwardOptionsGrantsInPeriodWeightedAverageExercisePrice,,,,,,,,,,,,,,,24.350,,,,14.200,,,,15.090
StateAndLocalIncomeTaxExpenseBenefitContinuingOperations,,,,,,,,,,,,,,,0.000,,,,0.000,,,,0.000
StockIssuedDuringPeriodSharesStockOptionsExercised,,,,36224.000,26233.000,,,,,,,,,,3766.000,,,,2508.000,,,,1389.000
UnrealizedGainLossOnSecurities,,,,-2000.000,7000.000,,,,,,,,,,,,,,,,,,
WeightedAverageNumberOfDilutedSharesOutstanding,,,,,19232000.000,,,,18782000.000,,,,,,,,,,,,,,
WeightedAverageNumberOfShareOutstandingBasicAndDiluted,,,,,18568000.000,,18703000.000,18757000.000,,,18843000.000,18982000.000,19156000.000,-54452405.000,14418145.000,16372694.000,17561708.000,-31850635.000,17615754.000,17895301.000,22627711.000,-37885684.000,24196158.000
WeightedAverageNumberOfSharesOutstandingBasic,,,,17053000.000,18568000.000,,,,18782000.000,,,,,,,,,,,,,,
