,2011-03-31,2011-06-30,2011-09-30,2011-12-31,2012-03-31,2012-06-30,2012-09-30,2012-12-31,2013-03-31,2013-06-30,2013-09-30,2013-12-31,2014-03-31,2014-06-30,2014-09-30,2014-12-31,2015-03-31,2015-06-30,2015-09-30,2015-12-31,2016-03-31,2016-06-30,2016-09-30,2016-12-31,2017-03-31
AccretionAmortizationOfDiscountsAndPremiumsInvestments,,,,,,,,,,,,,,,,,-12496000.000,,,,-10460000.000,,,,-9714000.000
AcquisitionCostRatio,,,,,,,,,,,0.142,,0.182,0.163,0.181,-0.355,0.211,0.185,0.162,-0.382,0.188,0.187,0.199,-0.379,0.218
AllocatedShareBasedCompensationExpense,,3600000.000,3000000.000,,5000000.000,2900000.000,1900000.000,1400000.000,4700000.000,,,,,,,,,,,,,,,,
AmortizationOfIntangibleAssets,2798000.000,3026000.000,2976000.000,2413000.000,2777000.000,2777000.000,2434000.000,2359000.000,2101000.000,1625000.000,1652000.000,1634000.000,1617000.000,1623000.000,1623000.000,1621000.000,1599000.000,1579000.000,11318000.000,16124000.000,21374000.000,20943000.000,21154000.000,21153000.000,15934000.000
AvailableForSaleSecuritiesGrossRealizedGains,,22086000.000,6904000.000,,7248000.000,15613000.000,11976000.000,42637000.000,7420000.000,16591000.000,6180000.000,9827000.000,10247000.000,7387000.000,10683000.000,7604000.000,22666000.000,14647000.000,20107000.000,8461000.000,9856000.000,14848000.000,11072000.000,3257000.000,8169000.000
AvailableForSaleSecuritiesGrossRealizedLosses,,485000.000,5735000.000,,2347000.000,822000.000,2222000.000,773000.000,1463000.000,5283000.000,13178000.000,5597000.000,5984000.000,5319000.000,1475000.000,3737000.000,4896000.000,5058000.000,8236000.000,10446000.000,11195000.000,35977000.000,3365000.000,11215000.000,7899000.000
BenefitsLossesAndExpenses,538366000.000,511174000.000,595460000.000,574774000.000,390984000.000,492119000.000,564269000.000,643101000.000,371150000.000,526330000.000,498182000.000,480772000.000,335891000.000,435926000.000,480109000.000,402627000.000,339397000.000,415314000.000,521814000.000,461532000.000,451681000.000,554531000.000,545947000.000,583028000.000,590326000.000
BusinessAcquisitionsProFormaNetIncomeLoss,,,,,,,,,,,,,,,,,,,100046000.000,,,,,,
BusinessAcquisitionsProFormaRevenue,,,,,,,,,,,,,,,,,,,627394000.000,,,,,,
BusinessCombinationAcquisitionRelatedCosts,,,,,,,,,,,,,,,,,,3500000.000,64000000.000,,,,,,
BusinessCombinationIntegrationRelatedCosts,,,,,,,,,,,,,,,,,,,1000000.000,,,,,,
CashAndCashEquivalentsPeriodIncreaseDecrease,-41082000.000,,,,-211280000.000,,,,-266832000.000,,,,70814000.000,,,,-88278000.000,,,,34983000.000,,,,182626000.000
CededPremiumsWritten,201486000.000,61166000.000,149539000.000,75102000.000,218593000.000,119663000.000,107175000.000,74100000.000,268447000.000,108089000.000,149030000.000,90745000.000,358810000.000,177998000.000,236004000.000,187058000.000,536478000.000,302101000.000,305907000.000,225905000.000,672835000.000,419162000.000,411701000.000,328537000.000,759212000.000
CombinedRatio,,,,,,,,,,,0.877,,0.813,0.881,0.902,-1.736,0.824,0.855,0.879,-1.729,0.779,0.926,0.873,-1.697,1.032
CommonStockDividendsPerShareDeclared,0.300,0.300,0.300,0.300,0.310,0.310,0.310,0.310,0.320,0.320,0.320,0.320,0.340,0.340,0.340,0.340,0.350,0.350,0.350,0.350,0.380,0.380,0.380,0.380,0.380
ComprehensiveIncomeNetOfTax,-93182000.000,49411000.000,-17154000.000,-20830000.000,92945000.000,81940000.000,83105000.000,-73403000.000,85275000.000,-44982000.000,121435000.000,60455000.000,131108000.000,129842000.000,21495000.000,79980000.000,109532000.000,43412000.000,6314000.000,61497000.000,161043000.000,105035000.000,141765000.000,-62941000.000,55247000.000
ComprehensiveIncomeNetOfTaxAttributableToNoncontrollingInterest,,,,,,,,,,,,,,,,,,,2707000.000,,9063000.000,3714000.000,5679000.000,5674000.000,6955000.000
ComprehensiveIncomeNetOfTaxIncludingPortionAttributableToNoncontrollingInterest,,,,,,,,,,,,,,,,,,,9021000.000,,170106000.000,108749000.000,147444000.000,-57267000.000,62202000.000
DeferredIncomeTaxExpenseBenefit,-17190000.000,,,,,,,,,,,,,,,,,,,,,,,,
DeferredPolicyAcquisitionCostAmortizationExpense,,67887000.000,72249000.000,,68489000.000,72128000.000,88782000.000,73780000.000,71636000.000,71868000.000,78775000.000,82151000.000,72157000.000,78601000.000,93392000.000,75363000.000,82093000.000,84971000.000,90457000.000,90364000.000,103842000.000,111961000.000,121391000.000,123289000.000,119124000.000
DepreciationAmortizationAndAccretionNet,5538000.000,,,,6015000.000,,,,4703000.000,,,,4726000.000,,,,6210000.000,,,,26880000.000,,,,22554000.000
DerivativeGainLossOnDerivativeNet,,-75000.000,-2807000.000,,184000.000,-863000.000,-1051000.000,-27000.000,1606000.000,-761000.000,235000.000,-317000.000,124000.000,1131000.000,3578000.000,-2941000.000,4672000.000,3006000.000,338000.000,-5387000.000,-1790000.000,1651000.000,182000.000,999000.000,-8771000.000
DividendsPreferredStock,,3875000.000,8188000.000,,8188000.000,8188000.000,8188000.000,8186000.000,8188000.000,8188000.000,8188000.000,8186000.000,8188000.000,8188000.000,8188000.000,8186000.000,8188000.000,8188000.000,8188000.000,8186000.000,9203000.000,7293000.000,3651000.000,3652000.000,3651000.000
EarningsPerShareBasic,-2.250,0.920,-0.710,-0.910,1.720,1.480,0.740,-0.940,2.140,1.210,1.700,1.320,2.170,1.680,1.520,1.700,2.240,1.690,0.730,1.080,1.580,1.140,1.930,0.290,
EarningsPerShareDiluted,-2.250,0.870,-0.710,-0.860,1.720,1.480,0.740,-0.940,2.130,1.210,1.700,1.330,2.170,1.680,1.520,1.690,2.230,1.680,0.730,1.090,1.580,1.140,1.920,0.290,
EffectOfExchangeRateOnCashAndCashEquivalents,4390000.000,,,,-91000.000,,,,-18178000.000,,,,3096000.000,,,,-17706000.000,,,,9637000.000,,,,6927000.000
EmployeeStockOwnershipPlanESOPCompensationExpense,,53200.000,52000.000,,43000.000,45000.000,39000.000,38000.000,38000.000,44000.000,42000.000,43000.000,54000.000,55000.000,62000.000,,65000.000,79000.000,76000.000,,100000.000,116000.000,109000.000,,0.000
EntityWideRevenueMajorCustomerPercentage,,,,,,,,,0.392,,,,,,,,,,,,,,,,
FairValueMeasurementWithUnobservableInputsReconciliationRecurringBasisAssetGainLossIncludedInEarnings1,,,,,,,,,,,,,,,,,,,,,,,,,-95000.000
FairValueMeasurementWithUnobservableInputsReconciliationRecurringBasisAssetGainLossIncludedInOtherComprehensiveIncomeLoss,,,,,,,,,,,,,,,,,,,,,,,,,1237000.000
FairValueMeasurementWithUnobservableInputsReconciliationRecurringBasisAssetPurchases,,,,,174000.000,46986000.000,37321000.000,31822000.000,21990000.000,23424000.000,16597000.000,10219000.000,4674000.000,21867000.000,28533000.000,7598000.000,39321000.000,63658000.000,13366000.000,-111582000.000,671000.000,1003000.000,15004000.000,31894000.000,27068000.000
FairValueMeasurementWithUnobservableInputsReconciliationRecurringBasisAssetSales,,-1191000.000,-1165000.000,,-450000.000,1276000.000,53855000.000,3235000.000,12767000.000,17808000.000,6957000.000,1082000.000,13963000.000,6780000.000,14914000.000,120846000.000,17403000.000,19430000.000,13480000.000,-34618000.000,2469000.000,13800000.000,7831000.000,33887000.000,18970000.000
FairValueMeasurementWithUnobservableInputsReconciliationRecurringBasisAssetSettlements,,,,,,,,,,,,,3233000.000,0.000,2947000.000,6176000.000,6858000.000,0.000,0.000,612000.000,14080000.000,2418000.000,9055000.000,3235000.000,4246000.000
FairValueMeasurementWithUnobservableInputsReconciliationRecurringBasisAssetTransfersIntoLevel3,,21156000.000,266000.000,,432820000.000,1684000.000,5695000.000,0.000,3264000.000,383000.000,7903000.000,179000.000,2117000.000,2886000.000,2198000.000,6110000.000,1733000.000,237000.000,361017000.000,-231772000.000,3629000.000,12836000.000,62867000.000,0.000,0.000
FairValueMeasurementWithUnobservableInputsReconciliationRecurringBasisAssetTransfersOutOfLevel3,,-12832000.000,-17582000.000,,-2092000.000,417000.000,762000.000,8792000.000,56000.000,505000.000,1202000.000,6700000.000,263000.000,1589000.000,4961000.000,684000.000,4290000.000,4886000.000,0.000,3229000.000,5034000.000,482000.000,0.000,1751000.000,0.000
FairValueNetDerivativeAssetLiabilityMeasuredOnRecurringBasisUnobservableInputsReconciliationIssues,,,,,,,,,,,,,640000.000,2941000.000,7331000.000,,3212000.000,9121000.000,5441000.000,,2692000.000,10894000.000,9378000.000,,4687000.000
ForeignCurrencyTransactionGainLossBeforeTax,6918000.000,-3348000.000,4085000.000,-233000.000,18137000.000,336000.000,-3774000.000,1212000.000,-2927000.000,-3368000.000,-2201000.000,-5718000.000,-2964000.000,-319000.000,-783000.000,227000.000,-7552000.000,-12981000.000,-8621000.000,2190000.000,11729000.000,32751000.000,18576000.000,11628000.000,1157000.000
GainLossOnForeignCurrencyDerivativeInstrumentsNotDesignatedAsHedgingInstruments,,-6000.000,204000.000,,-118000.000,270000.000,-10000.000,,,169000.000,-123000.000,,-227000.000,,,,,,,,,,,,
GainLossOnSaleOfInvestments,-3685000.000,21532000.000,1033000.000,12791000.000,5203000.000,,,,6235000.000,,,,4872000.000,,,,18189000.000,,,,13787000.000,,,,4093000.000
GeneralAndAdministrativeExpense,65961000.000,65886000.000,58574000.000,73731000.000,66041000.000,62609000.000,52715000.000,54324000.000,66478000.000,81359000.000,67470000.000,79599000.000,73206000.000,86455000.000,80915000.000,73011000.000,67158000.000,54965000.000,60793000.000,76875000.000,72225000.000,55079000.000,67738000.000,53104000.000,73957000.000
GeneralAndAdministrativeExpenseRatio,,,,,,,,,,,0.122,,0.185,0.180,0.157,-0.354,0.172,0.148,0.243,-0.374,0.152,0.112,0.131,-0.268,0.264
IncomeLossFromContinuingOperationsBeforeIncomeTaxesExtraordinaryItemsNoncontrollingInterest,,,,,,,42104000.000,,104450000.000,60154000.000,85687000.000,67477000.000,104888000.000,83303000.000,71952000.000,88697000.000,112269000.000,85718000.000,56940000.000,104546000.000,123411000.000,86490000.000,139201000.000,31864000.000,7327000.000
IncomeLossFromContinuingOperationsBeforeIncomeTaxesMinorityInterestAndIncomeLossFromEquityMethodInvestments,-101973000.000,36934000.000,-21215000.000,-30486000.000,82375000.000,73557000.000,,,,,,,,,,,,,,,,,,,
IncomeLossFromEquityMethodInvestments,-13757000.000,,,,23125000.000,,,,23059000.000,,,,13542000.000,,,,12388000.000,,,,-28257000.000,,,,13078000.000
IncomeLossFromEquityMethodInvestmentsNetOfDividendsOrDistributions,,1181000.000,-22522000.000,,23125000.000,-74000.000,15050000.000,10958000.000,23059000.000,6780000.000,13244000.000,21238000.000,13542000.000,10785000.000,-1785000.000,-2933000.000,12388000.000,3570000.000,,,,,,,
IncomeTaxExpenseBenefit,-14556000.000,-4143000.000,-1197000.000,-3110000.000,-167000.000,1074000.000,1986000.000,453000.000,4151000.000,-865000.000,2271000.000,296000.000,408000.000,140000.000,-4282000.000,4124000.000,3790000.000,1512000.000,2410000.000,-3350000.000,-1233000.000,-1138000.000,-199000.000,2389000.000,-19056000.000
IncreaseDecreaseInAccruedInvestmentIncomeReceivable,3772000.000,,,,-4039000.000,,,,-2301000.000,,,,-943000.000,,,,-4018000.000,,,,-657000.000,,,,-3749000.000
IncreaseDecreaseInCashCollateralForLoanedSecurities,-12771000.000,,,,,,,,,,,,,,,,,,,,,,,,
IncreaseDecreaseInCollateralHeldUnderSecuritiesLending,,,,,0.000,,,,,,,,,,,,,,,,,,,,
IncreaseDecreaseInCustomerDeposits,263000.000,,,,63000.000,,,,313000.000,,,,-774000.000,,,,-1414000.000,,,,-562000.000,,,,
IncreaseDecreaseInDeferredIncomeTaxes,,,,,-2043000.000,,,,-3295000.000,,,,-772000.000,,,,-3868000.000,,,,1842000.000,,,,14033000.000
IncreaseDecreaseInDeferredPolicyAcquisitionCosts,-24002000.000,,,,25641000.000,,,,44701000.000,,,,45140000.000,,,,51385000.000,,,,66153000.000,,,,54864000.000
IncreaseDecreaseInLiabilityForClaimsAndClaimsAdjustmentExpenseReserve,,,,,,,,,,,,,,,,,,,,,-52226000.000,,,,-70169000.000
IncreaseDecreaseInLossAndLossAdjustmentExpenseReserve,246271000.000,,,,63395000.000,,,,214340000.000,,,,154485000.000,,,,225131000.000,,,,,,,,
IncreaseDecreaseInOperatingAssets,-997000.000,,,,-3921000.000,,,,-4068000.000,,,,-417000.000,,,,-8417000.000,,,,-10312000.000,,,,
IncreaseDecreaseInOtherOperatingAssets,,,,,,,,,,,,,,,,,,,,,,,,,23552000.000
IncreaseDecreaseInOtherOperatingLiabilities,-26985000.000,,,,-20766000.000,,,,15437000.000,,,,-28950000.000,,,,-33144000.000,,,,-88810000.000,,,,-34856000.000
IncreaseDecreaseInPremiumsReceivable,-221520000.000,,,,647299000.000,,,,591626000.000,,,,596173000.000,,,,562755000.000,,,,524440000.000,,,,608252000.000
IncreaseDecreaseInPrepaidReinsurancePremiums,-140298000.000,,,,130424000.000,,,,173364000.000,,,,256289000.000,,,,337526000.000,,,,392694000.000,,,,376015000.000
IncreaseDecreaseInReinsurancePayables,-86087000.000,,,,104238000.000,,,,92205000.000,,,,126508000.000,,,,126628000.000,,,,194044000.000,,,,243326000.000
IncreaseDecreaseInReinsuranceRecoverable,-21559000.000,,,,-169406000.000,,,,,,,,,,,,,,,,,,,,
IncreaseDecreaseInSecuritiesLendingPayable,,,,,0.000,,,,,,,,,,,,,,,,,,,,
IncreaseDecreaseInUnearnedPremiums,-556456000.000,,,,562216000.000,,,,660639000.000,,,,659382000.000,,,,709788000.000,,,,776257000.000,,,,849449000.000
IncreaseDecreaseInUnearnedPremiumsNet,,,,,,,,,,,158212000.000,,-402439000.000,-29889000.000,124789000.000,237311000.000,-375095000.000,-100948000.000,220313000.000,283713000.000,-385651000.000,-118160000.000,261170000.000,236366000.000,-472617000.000
IncrementalCommonSharesAttributableToShareBasedPaymentArrangements,,3000.000,,,,,,,,,,,,,,,,,,,,,,,
InterestExpense,9054000.000,9057000.000,9055000.000,9088000.000,9047000.000,9044000.000,9041000.000,9042000.000,9038000.000,9052000.000,9048000.000,9050000.000,9051000.000,9732000.000,13127000.000,9058000.000,9059000.000,9062000.000,12324000.000,10815000.000,10870000.000,11357000.000,10826000.000,10807000.000,10788000.000
InvestmentIncomeAmortizationOfDiscount,-4224000.000,,,,-5147000.000,,,,14103000.000,,,,12240000.000,,,,,,,,,,,,
InvestmentIncomeInterest,,,,,,349000.000,289000.000,,451000.000,840000.000,752000.000,709000.000,786000.000,511000.000,581000.000,567000.000,630000.000,434000.000,,,,,,,
InvestmentIncomeInterestAndDividend,,43314000.000,17524000.000,,60447000.000,34953000.000,49285000.000,41831000.000,52991000.000,36286000.000,41885000.000,48985000.000,44655000.000,42915000.000,28755000.000,29502000.000,45235000.000,35709000.000,20751000.000,,,,,,
InvestmentIncomeInvestmentExpense,,3472000.000,3424000.000,,3372000.000,3187000.000,3403000.000,3228000.000,3686000.000,3818000.000,3788000.000,2639000.000,3665000.000,3613000.000,3398000.000,3608000.000,3374000.000,3457000.000,4218000.000,5437000.000,3856000.000,3784000.000,3944000.000,4941000.000,4536000.000
InvestmentIncomeNet,52501000.000,39842000.000,14100000.000,40594000.000,57075000.000,31766000.000,45882000.000,38603000.000,49305000.000,32468000.000,38097000.000,46346000.000,40990000.000,39302000.000,25357000.000,25894000.000,41861000.000,32252000.000,16533000.000,23180000.000,11181000.000,43977000.000,62236000.000,59196000.000,52850000.000
InvestmentIncomeNetAmortizationOfDiscountAndPremium,,41889000.000,39841000.000,,36982000.000,34678000.000,33946000.000,30235000.000,29481000.000,28666000.000,27889000.000,27038000.000,30327000.000,31619000.000,29959000.000,31868000.000,32217000.000,31705000.000,,,,,,,
LiabilityForUnpaidClaimsAndClaimsAdjustmentExpenseClaimsPaidCurrentYear1,,,,,,,,,,,,,,,,,,,,,,,,,12386000.000
LiabilityForUnpaidClaimsAndClaimsAdjustmentExpenseClaimsPaidPriorYears1,,,,,,,,,,,,,,,,,,,,,,,,,439208000.000
LiabilityForUnpaidClaimsAndClaimsAdjustmentExpenseForeignCurrencyTranslationGainLoss,,,,,,,,,,,,,,,,,,,,,,,,,15774000.000
LiabilityForUnpaidClaimsAndClaimsAdjustmentExpenseIncurredClaims1,,,,,,,,,,,,,,,,,,,,,,,,,301313000.000
LineOfCreditFacilityCommitmentFeePercentage,,,,,,,,,,,,,,,,,,,,,0.001,,,,
LossRatio,,,,,,,,,,,0.613,,0.446,0.538,0.564,-1.027,0.441,0.522,0.474,-0.973,0.439,0.627,0.543,-1.050,0.550
MinorityInterestDecreaseFromRedemptions,,,,,,,,,,,,,,,,,,,,,9607000.000,367000.000,6780000.000,,
NetCashProvidedByUsedInFinancingActivities,-341943000.000,,,,-25758000.000,,,,-34360000.000,,,,-26798000.000,,,,-29672000.000,,,,-75088000.000,,,,53793000.000
NetCashProvidedByUsedInFinancingActivitiesContinuingOperations,-341943000.000,,,,-25758000.000,,,,-34360000.000,,,,-26798000.000,,,,-29672000.000,,,,-75088000.000,,,,53793000.000
NetCashProvidedByUsedInInvestingActivities,115189000.000,,,,-210336000.000,,,,-237787000.000,,,,120112000.000,,,,51402000.000,,,,130818000.000,,,,265206000.000
NetCashProvidedByUsedInInvestingActivitiesContinuingOperations,115189000.000,,,,-210336000.000,,,,-237787000.000,,,,120112000.000,,,,51402000.000,,,,130818000.000,,,,265206000.000
NetCashProvidedByUsedInOperatingActivities,181282000.000,,,,24905000.000,,,,23493000.000,,,,-25596000.000,,,,-92302000.000,,,,-30384000.000,,,,-143300000.000
NetCashProvidedByUsedInOperatingActivitiesContinuingOperations,181282000.000,,,,24905000.000,,,,23493000.000,,,,-25596000.000,,,,-92302000.000,,,,-30384000.000,,,,-143300000.000
NetIncomeLoss,-87417000.000,41077000.000,-20018000.000,,82542000.000,72483000.000,40118000.000,-32627000.000,100299000.000,61019000.000,83416000.000,67181000.000,104480000.000,83163000.000,76234000.000,84573000.000,108479000.000,84206000.000,51823000.000,99587000.000,115581000.000,83914000.000,133721000.000,23801000.000,19428000.000
NetIncomeLossAttributableToNoncontrollingInterest,,,,,,,,,,,,,,,,,,,2707000.000,,9063000.000,3714000.000,5679000.000,5674000.000,6955000.000
NetIncomeLossAvailableToCommonStockholdersBasic,-91292000.000,37202000.000,-28206000.000,-35563000.000,74354000.000,64295000.000,31930000.000,-40813000.000,92111000.000,52831000.000,75228000.000,58995000.000,96292000.000,74975000.000,68046000.000,76387000.000,100291000.000,76018000.000,43635000.000,91401000.000,106378000.000,76621000.000,130070000.000,20149000.000,15777000.000
OperatingLeasesRentExpenseNet,,,,,3500000.000,,,,3600000.000,,,,4200000.000,,,,3100000.000,,,,3300000.000,,,,3400000.000
OtherComprehensiveIncomeForeignCurrencyTransactionAndTranslationAdjustmentNetOfTaxPortionAttributableToParent,2663000.000,804000.000,-5423000.000,688000.000,-540000.000,-2060000.000,4675000.000,992000.000,-10194000.000,219000.000,8918000.000,7017000.000,3225000.000,8998000.000,-20404000.000,-18083000.000,-23458000.000,26163000.000,-15625000.000,-11770000.000,-12318000.000,-37738000.000,-13114000.000,-23154000.000,5689000.000
OtherComprehensiveIncomeLossBeforeReclassificationsNetOfTax,,,,,,,,,,,31276000.000,,30890000.000,48674000.000,-45504000.000,308000.000,17276000.000,-31508000.000,-33883000.000,-42516000.000,43176000.000,-1309000.000,11685000.000,-85589000.000,34586000.000
OtherComprehensiveIncomeLossNetOfTax,,,,,,,42987000.000,,-15024000.000,-106001000.000,38019000.000,-6726000.000,26628000.000,46679000.000,-54739000.000,-4593000.000,1053000.000,-40794000.000,-45509000.000,-38090000.000,45462000.000,21121000.000,8044000.000,-86742000.000,35819000.000
OtherComprehensiveIncomeLossNetOfTaxPortionAttributableToParent,5765000.000,-8334000.000,-2864000.000,17412000.000,10403000.000,,,,,,,,,,,,,,,,,,,,
OtherComprehensiveIncomeLossReclassificationAdjustmentForSaleOfSecuritiesIncludedInNetIncomeNetOfTax,,,,,,,-9624000.000,,,,,,,,,,,,,,,,,,
OtherComprehensiveIncomeLossReclassificationAdjustmentForWritedownOfSecuritiesIncludedInNetIncomeNetOfTax,,,,,,,5000.000,,,,,,,,,,,,,,,,,,
OtherComprehensiveIncomeLossReclassificationAdjustmentFromAOCIOnDerivativesNetOfTax,,,,,,,,,,,-22000.000,,-23000.000,-22000.000,-22000.000,-22000.000,-22000.000,-22000.000,-22000.000,-22000.000,-22000.000,-22000.000,-22000.000,-22000.000,-22000.000
OtherComprehensiveIncomeLossReclassificationAdjustmentOnDerivativesIncludedInNetIncomeNetOfTax,,,,,,,22000.000,,16000.000,29000.000,,,,,,,,,,,,,,,
OtherComprehensiveIncomeReclassificationAdjustmentForSaleOfSecuritiesIncludedInNetIncomeBeforeTax,5422000.000,22464000.000,1273000.000,-1721000.000,4756000.000,,,,,,,,,,,,,,,,,,,,
OtherComprehensiveIncomeReclassificationAdjustmentOnDerivativesIncludedInNetIncomeNetOfTax,22000.000,22000.000,22000.000,-154000.000,-22000.000,-22000.000,,,,,,,,,,,,,,,,,,,
OtherComprehensiveIncomeUnrealizedHoldingGainLossOnSecuritiesArisingDuringPeriodNetOfTax,-3419000.000,29593000.000,9466000.000,4165000.000,15470000.000,25624000.000,47909000.000,-16000.000,,,,,,,,,,,,,,,,,
OtherComprehensiveIncomeUnrealizedHoldingGainLossOnSecuritiesArisingDuringPeriodTax,-1086000.000,,,,-1242000.000,,,,-1298000.000,,,,2435000.000,,,,2022000.000,,,,6881000.000,,,,-514000.000
OtherOperatingIncome,,,-2141000.000,,-335000.000,,,,,,,,,,,,,,,,,,,,
OtherThanTemporaryImpairmentCreditLossesRecognizedInEarningsAdditionsAdditionalCreditLosses,,698000.000,72000.000,,219000.000,278000.000,5000.000,0.000,0.000,0.000,0.000,0.000,0.000,0.000,0.000,0.000,0.000,0.000,,,,,,,
OtherThanTemporaryImpairmentCreditLossesRecognizedInEarningsAdditionsNoPreviousImpairment,,-12000.000,,,0.000,3000.000,0.000,0.000,0.000,0.000,0.000,0.000,0.000,0.000,0.000,0.000,0.000,0.000,,,,,,,
OtherThanTemporaryImpairmentCreditLossesRecognizedInEarningsReductionsCashFlows,,,,,,0.000,0.000,,,0.000,0.000,,,0.000,0.000,,0.000,0.000,,,,,,,
OtherThanTemporaryImpairmentCreditLossesRecognizedInEarningsReductionsSecuritiesSold,,961000.000,7905000.000,,257000.000,200000.000,216000.000,57000.000,117000.000,114000.000,113000.000,103000.000,33000.000,79000.000,579000.000,24000.000,43000.000,39000.000,,,,,,,
OtherThanTemporaryImpairmentLossesInvestmentsAvailableforsaleSecurities,,484000.000,168000.000,,0.000,148000.000,126000.000,90000.000,806000.000,579000.000,190000.000,41000.000,111000.000,198000.000,102000.000,214000.000,649000.000,424000.000,,,,,,,
OtherThanTemporaryImpairmentLossesInvestmentsPortionInOtherComprehensiveIncomeLossBeforeTaxIncludingPortionAttributableToNoncontrollingInterestAvailableforsaleSecurities,,448000.000,72000.000,,219000.000,,,,,,,,,,,,,,,,,,,,
OtherThanTemporaryImpairmentLossesInvestmentsPortionInOtherComprehensiveIncomeLossNetOfTaxPortionAttributableToParent,,379000.000,72000.000,,-207000.000,,,,,,,,,,,,,,,,,,,,
OtherThanTemporaryImpairmentLossesInvestmentsPortionInOtherComprehensiveIncomeLossTaxPortionAttributableToParent,,,,,12000.000,,,,,,,,,,,,,,,,,,,,
OtherThanTemporaryImpairmentLossesInvestmentsPortionInOtherComprehensiveIncomeLossTaxPortionAttributableToParentAvailableforsaleSecurities,,,,,,,,,34000.000,,,,,,,,,,,,,,,,
OtherThanTemporaryImpairmentLossesInvestmentsPortionRecognizedInEarningsNetAvailableforsaleSecurities,,932000.000,240000.000,,219000.000,407000.000,131000.000,90000.000,806000.000,579000.000,190000.000,41000.000,111000.000,198000.000,102000.000,214000.000,649000.000,424000.000,38000.000,2604000.000,623000.000,9841000.000,183000.000,122000.000,430000.000
PaymentsForLossesAndLossAdjustmentExpense,,,,,,,,,,,,,,,,,,,,,,,,,451594000.000
PaymentsForProceedsFromBusinessesAndInterestInAffiliates,,,,,,,,,,,,,,,,,,,,,,,,,5000.000
PaymentsForProceedsFromOtherInvestingActivities,1731000.000,,,,7315000.000,,,,-2896000.000,,,,-17099000.000,,,,456000.000,,,,-860000.000,,,,27203000.000
PaymentsForRepurchaseOfCommonStock,344272000.000,,,,0.000,,,,10004000.000,,,,0.000,,,,,,,,,,,,
PaymentsOfDividendsCommonStock,11931000.000,,,,13447000.000,,,,13829000.000,,,,15159000.000,,,,15771000.000,,,,25578000.000,,,,25973000.000
PaymentsOfDividendsPreferredStockAndPreferenceStock,3875000.000,,,,8188000.000,,,,8188000.000,,,,8188000.000,,,,8188000.000,,,,9203000.000,,,,3651000.000
PaymentsOfStockIssuanceCosts,,,,,,,,,,,,,,,,,,,,,258000.000,,,,0.000
PaymentsRelatedToTaxWithholdingForShareBasedCompensation,,,,,,,,,,,,,,,,,6092000.000,,,,10735000.000,,,,13606000.000
PaymentsToAcquireAvailableForSaleSecurities,1143328000.000,,,,1285594000.000,,,,886054000.000,,,,1151127000.000,,,,1478073000.000,,,,852752000.000,,,,1163339000.000
PaymentsToAcquireBusinessesNetOfCashAcquired,2815000.000,,,,45000.000,,,,0.000,,,,,,,,10000.000,,,,3000.000,,,,
PaymentsToAcquireOtherInvestments,11041000.000,,,,1676000.000,,,,21990000.000,,,,4674000.000,,,,39321000.000,,,,39162000.000,,,,7074000.000
PaymentsToAcquireProductiveAssets,361000.000,,,,4257000.000,,,,4581000.000,,,,7427000.000,,,,3526000.000,,,,2385000.000,,,,4284000.000
PaymentsToAcquireTradingSecuritiesHeldforinvestment,,,,,,,,,,,,,,,,,,,,,780573000.000,,,,219134000.000
PaymentsToMinorityShareholders,,,,,,,,,,,,,,,,,,,,,16859000.000,,,,4778000.000
PolicyholderBenefitsAndClaimsIncurredNet,401853000.000,361970000.000,456691000.000,412152000.000,262767000.000,345897000.000,407523000.000,504808000.000,218970000.000,359058000.000,339036000.000,302620000.000,176896000.000,259196000.000,290269000.000,243801000.000,171936000.000,239122000.000,263993000.000,242057000.000,243328000.000,376112000.000,331462000.000,370150000.000,301313000.000
PreferredStockDividends,3875000.000,,,,,,,,,,,,,,,,,,,,,,,,
PreferredStockDividendsPerShareDeclared,,0.484,,,,,,,,,,,,,,,,,,,,,,,
PremiumsEarnedNet,382833000.000,486578000.000,561493000.000,500489000.000,411635000.000,519340000.000,551872000.000,531053000.000,420117000.000,543335000.000,553545000.000,499487000.000,396266000.000,481538000.000,514895000.000,471279000.000,389859000.000,458135000.000,557003000.000,573456000.000,553191000.000,599608000.000,610156000.000,600705000.000,547032000.000
PremiumsWrittenGross,,,,,,,,,,,544363000.000,,1157515000.000,689425000.000,626110000.000,421026000.000,1301432000.000,861184000.000,642597000.000,515648000.000,1611677000.000,1136930000.000,760687000.000,692876000.000,1778861000.000
PremiumsWrittenNet,798872000.000,441758000.000,551327000.000,187864000.000,843056000.000,484413000.000,514080000.000,187946000.000,908915000.000,464621000.000,395333000.000,280064000.000,798705000.000,511427000.000,390106000.000,233968000.000,764954000.000,559083000.000,336690000.000,289743000.000,938842000.000,717768000.000,348986000.000,364339000.000,1019649000.000
ProceedsFromBankDebt,299000.000,,,,,,,,,,,,,,,,,,,,,,,,
ProceedsFromIssuanceOfCommonStock,10176000.000,,,,436000.000,,,,551000.000,,,,309000.000,,,,370000.000,,,,566000.000,,,,30000.000
ProceedsFromIssuanceOfLongTermDebt,,,,,364000.000,,,,242000.000,,,,138000.000,,,,235000.000,,,,178000.000,,,,0.000
ProceedsFromMaturitiesPrepaymentsAndCallsOfAvailableForSaleSecurities,270032000.000,,,,230186000.000,,,,205928000.000,,,,141879000.000,,,,155627000.000,,,,,,,,
ProceedsFromSaleAndMaturityOfAvailableForSaleSecurities,,,,,,,,,,,,,,,,,,,,,964133000.000,,,,916256000.000
ProceedsFromSaleAndMaturityOfTradingSecuritiesHeldforinvestment,,,,,,,,,,,,,,,,,,,,,753987000.000,,,,731116000.000
ProceedsFromSaleOfAvailableForSaleSecurities,1017204000.000,,,,833334000.000,,,,458134000.000,,,,1110582000.000,,,,1399972000.000,,,,,,,,
ProceedsFromSaleOfOtherInvestments,,,,,25031000.000,,,,7880000.000,,,,13780000.000,,,,17189000.000,,,,86713000.000,,,,38873000.000
ProceedsFromStockOptionsExercised,,2300000.000,39000.000,,0.200,300000.000,63000.000,1136999.800,300000.000,300000.000,0.000,0.000,0.000,500000.000,,,,,23100000.000,,,7700000.000,0.000,,
ProfitLoss,-87417000.000,41077000.000,-20018000.000,-27376000.000,,,,,,,,,,,,,,,54530000.000,,124644000.000,87628000.000,139400000.000,29475000.000,26383000.000
ReclassificationFromAccumulatedOtherComprehensiveIncomeCurrentPeriodNetOfTax,,,,,,,,,,,6743000.000,,4262000.000,1995000.000,9235000.000,-35885000.000,16223000.000,9286000.000,11626000.000,-69844000.000,-2286000.000,-22430000.000,3641000.000,40997000.000,-1233000.000
RepaymentsOfBankDebt,184000.000,,,,,,,,,,,,,,,,,,,,,,,,
RepaymentsOfLongTermDebt,,,,,1516000.000,,,,209000.000,,,,130000.000,,,,226000.000,,,,13199000.000,,,,7000.000
Revenues,436393000.000,548108000.000,574245000.000,544288000.000,473359000.000,565676000.000,606373000.000,610927000.000,475600000.000,586484000.000,583869000.000,548249000.000,440779000.000,519229000.000,552061000.000,491324000.000,451666000.000,501032000.000,578754000.000,566078000.000,575092000.000,641021000.000,685148000.000,614892000.000,597653000.000
SalesRevenueNet,437462000.000,547020000.000,576386000.000,544288000.000,473694000.000,565676000.000,606373000.000,610927000.000,475600000.000,586484000.000,583869000.000,548249000.000,440779000.000,519229000.000,552061000.000,491324000.000,451666000.000,501032000.000,578754000.000,566078000.000,575092000.000,641021000.000,685148000.000,614892000.000,597653000.000
SeveranceCosts1,,,,,,,,,,,,,,,,,,,48200000.000,,,,,,
ShareBasedCompensation,4614000.000,,,,4995000.000,,,,4733000.000,,,,10205000.000,,,,9773000.000,,,,10015000.000,,,,41816000.000
ShareBasedCompensationArrangementByShareBasedPaymentAwardEquityInstrumentsOtherThanOptionsForfeitedInPeriod,,,,,,,,,,,,,,,,,0.000,,,,,,,,3111.000
ShareBasedCompensationArrangementByShareBasedPaymentAwardEquityInstrumentsOtherThanOptionsGrantsInPeriod,,22136.000,430.000,,377308.000,23260.000,6790.000,29926.000,343384.000,727271.000,8453.000,132879.000,335771.000,97646.000,39080.000,33500.000,472662.000,31690.000,14703.000,27198.000,560172.000,53795.000,24250.000,0.000,0.000
ShareBasedCompensationArrangementByShareBasedPaymentAwardEquityInstrumentsOtherThanOptionsVestedInPeriodTotalFairValue,,3400000.000,400000.000,,10200000.000,1400000.000,200000.000,-100000.000,9100000.000,7800000.000,100000.000,100000.000,9800000.000,8300000.000,200000.000,400000.000,13800000.000,7800000.000,23000000.000,15400000.000,33000000.000,8200000.000,0.000,3100000.000,120900000.000
ShareBasedCompensationArrangementByShareBasedPaymentAwardNonOptionEquityInstrumentsOther,,,,,,,,,,,,,,,,,,,,,,,,,-1033476.000
ShareBasedCompensationArrangementByShareBasedPaymentAwardOptionsExercisesInPeriodTotalIntrinsicValue,,6600000.000,32000.000,,0.300,300000.000,64000.000,1035999.700,200000.000,300000.000,0.000,0.000,0.000,300000.000,,,,,9500000.000,,,3200000.000,,,
ShareBasedCompensationArrangementByShareBasedPaymentAwardOptionsExpirationsInPeriod,,,,,,,,,,,,,0.000,0.000,0.000,0.000,,,,,,,,,
ShareBasedCompensationArrangementByShareBasedPaymentAwardOptionsForfeituresInPeriod,,,,,,,0.000,,0.000,,,,,,,,,,,,,,,,0.000
ShareBasedCompensationArrangementByShareBasedPaymentAwardOptionsGrantsInPeriod,,,,,,,,,,,,,,,,,,,,,,,,,0.000
ShareBasedCompensationArrangementByShareBasedPaymentAwardOptionsGrantsInPeriodForfeited,,0.000,0.000,,0.000,0.000,,,,,,,,,,,,,,,,,,,
ShareBasedCompensationArrangementByShareBasedPaymentAwardOptionsGrantsInPeriodGross,,0.000,0.000,,0.000,0.000,0.000,,0.000,800000.000,0.000,0.000,0.000,0.000,0.000,0.000,,,,,,,,,
ShareBasedCompensationArrangementByShareBasedPaymentAwardOptionsOtherIncreasesDecreasesInPeriod,,,,,,,,,,,,,,,,,,,,,,,,,-160000.000
ShareBasedCompensationArrangementsByShareBasedPaymentAwardOptionsForfeituresInPeriodWeightedAverageExercisePrice,,,,,,,,,,,,,,,,,,,,,,,,,0.000
ShareBasedCompensationArrangementsByShareBasedPaymentAwardOptionsGrantsInPeriodWeightedAverageExercisePrice,,,,,,,,,,,,,,,,,,,,,,,,,0.000
ShareBasedCompensationArrangementsByShareBasedPaymentAwardOptionsOtherShareIncreaseDecreaseInPeriodWeightedAverageExercisePrice,,,,,,,,,,,,,,,,,,,,,,,,,48.200
SharebasedCompensationArrangementBySharebasedPaymentAwardOptionsVestedNumberOfShares,,,,,,,,,,,,,,,0.000,,,,,,,,,,160000.000
StockIssuedDuringPeriodSharesStockOptionsExercised,,,,,,,,,,12501.000,0.000,,,15000.000,0.000,,,,,,,,,,
StockIssuedDuringPeriodValueRestrictedStockAwardNetOfForfeitures,4927000.000,,,,3407000.000,,,,2923000.000,,,,3768000.000,,,,,,,,,,,,
SupplementalInformationForPropertyCasualtyInsuranceUnderwritersCurrentYearClaimsAndClaimsAdjustmentExpense,,,,,,,,,,,,,,,,,,,,,,,,,335119000.000
SupplementalInformationForPropertyCasualtyInsuranceUnderwritersPriorYearClaimsAndClaimsAdjustmentExpense,,,,,,,,,,,,,,,,,,,,,,,,,-33806000.000
TradingSecuritiesUnrealizedHoldingGainLoss,,,,,,,,,,,,,,,,,,,-5037000.000,,14796000.000,27280000.000,6153000.000,-35749000.000,7490000.000
UnderwritingIncomeLoss,-1069000.000,1088000.000,,,,,,,,,,,,,,,,,,,,,,,
UndistributedEarnings,,,,,,63210000.000,31436000.000,,90601000.000,51699000.000,73231000.000,57190000.000,93523000.000,72763000.000,66116000.000,74180000.000,97332000.000,73745000.000,42384000.000,89135000.000,103986000.000,74987000.000,127463000.000,19809000.000,
UndistributedEarningsAllocatedToParticipatingSecurities,,710000.000,224000.000,,1295000.000,1085000.000,494000.000,-761000.000,1510000.000,1132000.000,1997000.000,1805000.000,2769000.000,2212000.000,,,,,,,,,,,
UnrealizedGainLossOnDerivatives,,-69000.000,-136000.000,,302000.000,167000.000,343000.000,17000.000,278000.000,-936000.000,358000.000,967000.000,609000.000,1343000.000,580000.000,-2205000.000,419000.000,91000.000,-1805000.000,967000.000,330000.000,196000.000,-455000.000,-2251000.000,-3667000.000
WeightedAverageNumberOfDilutedSharesOutstanding,,42156000.000,39764756.000,,42488850.000,42635183.000,42657906.000,-85180104.000,42443936.000,42621530.000,43100139.000,-85347398.000,43160442.000,43350911.000,43510415.000,-86606525.000,43696311.000,43896721.000,58046148.000,-92810677.000,65696523.000,66057211.000,66241948.000,-131860309.000,
WeightedAverageNumberOfSharesOutstandingBasic,,39710000.000,39764756.000,,42436329.000,42598611.000,42628248.000,-85095452.000,42431020.000,42621301.000,43099841.000,-85334538.000,43160156.000,43350911.000,43464790.000,-86607795.000,43542491.000,43736541.000,57923044.000,-92494686.000,65607387.000,65965153.000,66185375.000,-131765968.000,
