,2014-06-30,2014-09-30,2015-03-31,2015-06-30,2015-09-30,2015-12-31,2016-03-31,2016-06-30,2016-09-30,2016-12-31,2017-03-31
AllocatedShareBasedCompensationExpense,137000.000,165000.000,280000.000,411000.000,336000.000,314000.000,446000.000,367000.000,530000.000,655000.000,391000.000
AmortizationOfDeferredLeasingFees,0.000,0.000,0.000,,,,,,,,
AmortizationOfFinancingCostsAndDiscounts,,,407000.000,,,,41000.000,,,,627000.000
AmortizationOfIntangibleAssets,,,,,,,,500000.000,600000.000,,600000.000
AntidilutiveSecuritiesExcludedFromComputationOfEarningsPerShareAmount,1092966.000,780956.000,2012525.000,2204050.000,2196875.000,-4428864.000,2340464.000,5406712.000,2448762.000,-4872458.000,12924357.000
BusinessCombinationContingentConsiderationArrangementsChangeInAmountOfContingentConsiderationLiability1,,-1276000.000,-253000.000,142000.000,-345000.000,330000.000,-213000.000,-97000.000,-112000.000,-34000.000,-221000.000
CashAndCashEquivalentsPeriodIncreaseDecrease,,,2554000.000,,,,-6136000.000,,,,-5071000.000
ComprehensiveIncomeNetOfTax,,,,,,,,-11878000.000,-4187000.000,,-5293000.000
ComprehensiveIncomeNetOfTaxAttributableToNoncontrollingInterest,,,,,,,,-23000.000,-35000.000,,-52000.000
ComprehensiveIncomeNetOfTaxIncludingPortionAttributableToNoncontrollingInterest,,,,,,,,-11901000.000,-4222000.000,,-5345000.000
CostOfGoodsSold,,,,,,,,3056000.000,3355000.000,,2327000.000
CostOfGoodsSoldDepreciation,,,,,,,,,,,32000.000
CostOfServices,2403000.000,1772000.000,2711000.000,2508000.000,2568000.000,2486000.000,2772000.000,2852000.000,2604000.000,2654000.000,3057000.000
DepreciationAndAmortization,,,,,,,,843000.000,1068000.000,,934000.000
DepreciationDepletionAndAmortization,,,165000.000,,,,261000.000,,,,
DerivativeGainLossOnDerivativeNet,,0.000,,,0.000,,,,,,
EarningsPerShareBasic,0.870,0.130,,-0.270,-0.290,,,,-0.200,,-0.260
EarningsPerShareBasicAndDiluted,,,-0.190,-0.010,,,-0.810,-0.770,,,
EarningsPerShareDiluted,0.130,0.120,,-0.270,-0.290,,,,-0.260,,-0.260
EffectOfExchangeRateOnCashAndCashEquivalents,,,,,,,,,,,18000.000
EmployeeServiceShareBasedCompensationAllocationOfRecognizedPeriodCostsCapitalizedAmount,,,,,,,0.000,,,,0.000
EmployeeServiceShareBasedCompensationTaxBenefitFromCompensationExpense,,,,,,,0.000,,,,0.000
FairValueAdjustmentOfWarrants,,,0.000,,,,,3165000.000,-1386000.000,,
FairValueMeasurementWithUnobservableInputsReconciliationRecurringBasisLiabilityPeriodIncreaseDecrease,,,-253000.000,,,,,,,,
GainsLossesOnExtinguishmentOfDebt,,-120000.000,,,0.000,,,,,,200000.000
GeneralAndAdministrativeExpense,2316000.000,1976000.000,2705000.000,2329000.000,3361000.000,3852000.000,5676000.000,5393000.000,5180000.000,4476000.000,6502000.000
GoodwillAcquiredDuringPeriod,,,,,,,,,,,85000.000
GoodwillForeignCurrencyTranslationGainLoss,,,,,,,,,,,39000.000
GoodwillImpairmentLoss,,,,,,,0.000,,,,1958000.000
ImpairmentOfLongLivedAssetsHeldForUse,,,,,,,0.000,,,,0.000
IncomeLossFromContinuingOperationsBeforeIncomeTaxesExtraordinaryItemsNoncontrollingInterest,-623000.000,1213000.000,,-3185000.000,-3489000.000,,,-10933000.000,-4248000.000,,-5892000.000
IncomeTaxExpenseBenefit,-1500000.000,0.000,,0.000,0.000,,,-440000.000,-449000.000,,-283000.000
IncreaseDecreaseInAccountsPayable,,,242000.000,,,,820000.000,,,,382000.000
IncreaseDecreaseInAccountsReceivable,,,-893000.000,,,,145000.000,,,,576000.000
IncreaseDecreaseInAccruedSalaries,,,-389000.000,,,,-758000.000,,,,-865000.000
IncreaseDecreaseInDeferredIncomeTaxes,,,,,,,,,,,271000.000
IncreaseDecreaseInInventories,,,88000.000,,,,-171000.000,,,,-470000.000
IncreaseDecreaseInOtherAccruedLiabilities,,,196000.000,,,,2400000.000,,,,358000.000
IncreaseDecreaseInPrepaidExpensesOther,,,180000.000,,,,-563000.000,,,,245000.000
IncreaseDecreaseInRestrictedCash,,,,,,,,,,,36000.000
IncreaseDecreaseInRoyaltiesPayable,,,14000.000,,,,-10000.000,,,,24000.000
IncrementalCommonSharesAttributableToConversionOfDebtSecurities,189726.000,122142.000,,0.000,0.000,,,,,,
IncrementalCommonSharesAttributableToConversionOfPreferredStock,5355280.000,1446313.000,,0.000,0.000,,,,,,
IncrementalCommonSharesAttributableToShareBasedPaymentArrangements,381434.000,371273.000,,0.000,0.000,,,,,,
InterestExpense,,,,,,,266000.000,526000.000,568000.000,,
InterestIncomeExpenseNet,-644000.000,-535000.000,-827000.000,-256000.000,-251000.000,-253000.000,,,,,
InterestIncomeExpenseNonoperatingNet,,,,,,,,,,,-790000.000
InterestOnConvertibleDebtNetOfTax,15000.000,231000.000,,,0.000,,,,,,
LicenseAndServicesRevenue,66000.000,53000.000,120000.000,85000.000,144000.000,-86000.000,110000.000,11000.000,108000.000,7000.000,15000.000
LicensesRevenue,1800.000,0.000,0.000,,0.000,,,,,,
NetCashProvidedByUsedInFinancingActivities,,,3932000.000,,,,165000.000,,,,1756000.000
NetCashProvidedByUsedInFinancingActivitiesContinuingOperations,,,3932000.000,,,,165000.000,,,,1756000.000
NetCashProvidedByUsedInInvestingActivities,,,-364000.000,,,,-109000.000,,,,-104000.000
NetCashProvidedByUsedInInvestingActivitiesContinuingOperations,,,-364000.000,,,,-109000.000,,,,-104000.000
NetCashProvidedByUsedInOperatingActivities,,,-1014000.000,,,,-6192000.000,,,,-6741000.000
NetCashProvidedByUsedInOperatingActivitiesContinuingOperations,,,-1014000.000,,,,-6192000.000,,,,-6741000.000
NetIncomeLoss,877000.000,1213000.000,-2272000.000,-3185000.000,-3489000.000,-4761000.000,-9752000.000,-10470000.000,-3764000.000,-15483000.000,-5562000.000
NetIncomeLossAttributableToNoncontrollingInterest,,,,,,,,-23000.000,-35000.000,,-47000.000
NetIncomeLossAvailableToCommonStockholdersDiluted,892000.000,1324000.000,,-3185000.000,-3489000.000,,,,-5150000.000,,-5562000.000
OperatingExpenses,7121000.000,5261000.000,8607000.000,10015000.000,10344000.000,11110000.000,13131000.000,17703000.000,17408000.000,29721000.000,20128000.000
OperatingIncomeLoss,-345000.000,1393000.000,-1391000.000,-2886000.000,-3193000.000,-4462000.000,-6569000.000,-6968000.000,-4933000.000,-18862000.000,-8544000.000
OperatingLeasesRentExpenseNet,,,,,,,,,,,400000.000
OtherComprehensiveIncomeLossForeignCurrencyTransactionAndTranslationAdjustmentNetOfTax,,,,,,,,-1408000.000,-423000.000,,264000.000
OtherNonoperatingExpense,,,,,,,,,133000.000,,
OtherNonoperatingIncomeExpense,366000.000,355000.000,-54000.000,-43000.000,-45000.000,-46000.000,-2917000.000,-274000.000,,,-686000.000
PaymentsOfFinancingCosts,,,,,,,2900000.000,,,,
PaymentsToAcquirePropertyPlantAndEquipment,,,364000.000,,,,109000.000,,,,68000.000
ProceedsFromDebtNetOfIssuanceCosts,,,15625000.000,,,,,,,,24002000.000
ProceedsFromRepaymentsOfRestrictedCashFinancingActivities,,,,,,,,,,,-9375000.000
ProceedsFromStockOptionsExercised,,,11000.000,,,,6000.000,,,,
ProceedsFromStockPlans,,,,,,,175000.000,,,,44000.000
ProfitLoss,,,,,,,,-10493000.000,-3799000.000,,-5609000.000
RecognitionOfDeferredRevenue,,,27000.000,16000.000,8000.000,-5000.000,15000.000,16000.000,2000.000,-31000.000,
ReimbursementRevenue,1800.000,0.000,0.000,,,,,,,,
RepaymentsOfDebt,,,,,,,,,,,11200000.000
RepaymentsOfLongTermDebtAndCapitalSecurities,,,11704000.000,,,,16000.000,,,,12915000.000
ResearchAndDevelopmentExpense,792000.000,1036000.000,1421000.000,2510000.000,2698000.000,2704000.000,3159000.000,3143000.000,2930000.000,3153000.000,3283000.000
RevenueRecognitionMilestoneMethodRevenueRecognized,0.000,0.000,,,,,0.000,0.000,0.000,0.000,0.000
Revenues,6776000.000,6654000.000,7216000.000,7129000.000,7151000.000,6648000.000,6562000.000,10735000.000,12475000.000,10859000.000,11584000.000
RoyaltyRevenue,59000.000,49000.000,90000.000,89000.000,96000.000,-96000.000,96000.000,0.000,98000.000,0.000,0.000
SalesRevenueGoodsNet,,,,,,,,3475000.000,3754000.000,,3667000.000
SalesRevenueNet,6776000.000,6654000.000,7216000.000,7129000.000,7151000.000,6648000.000,6562000.000,10735000.000,12475000.000,10859000.000,11584000.000
SalesRevenueServicesNet,6710000.000,6601000.000,7096000.000,7044000.000,7007000.000,6734000.000,6452000.000,7249000.000,8613000.000,7366000.000,7902000.000
SellingAndMarketingExpense,1610000.000,1753000.000,2023000.000,2526000.000,2062000.000,1738000.000,1737000.000,3356000.000,3451000.000,2622000.000,3222000.000
ShareBasedCompensation,,,280000.000,,,,446000.000,,,,391000.000
ShareBasedCompensationArrangementByShareBasedPaymentAwardEquityInstrumentsOtherThanOptionsForfeitedInPeriod,,,,,,,,,,,8157.000
ShareBasedCompensationArrangementByShareBasedPaymentAwardEquityInstrumentsOtherThanOptionsVestedInPeriod,,,,,,,,,,,0.000
ShareBasedCompensationArrangementByShareBasedPaymentAwardFairValueAssumptionsExpectedDividendRate,0.000,0.000,0.000,0.000,0.000,,0.000,,,,
ShareBasedCompensationArrangementByShareBasedPaymentAwardFairValueAssumptionsExpectedVolatilityRate,0.422,0.438,0.410,0.400,0.391,,,,,,
ShareBasedCompensationArrangementByShareBasedPaymentAwardFairValueAssumptionsRiskFreeInterestRate,0.017,0.021,0.019,0.017,0.019,,,,,,
ShareBasedCompensationArrangementByShareBasedPaymentAwardNumberOfAdditionalSharesAuthorized,,,357075.000,,,,357075.000,,,,357075.000
ShareBasedCompensationArrangementByShareBasedPaymentAwardOptionsExercisesInPeriodTotalIntrinsicValue,,,,,,,,,,,0.000
ShareBasedCompensationArrangementByShareBasedPaymentAwardOptionsExpirationsInPeriod,,,,,,,156.000,,,,26140.000
ShareBasedCompensationArrangementByShareBasedPaymentAwardOptionsForfeituresInPeriod,,,14374.000,,55450.000,,86888.000,,,,26668.000
ShareBasedCompensationArrangementByShareBasedPaymentAwardOptionsGrantsInPeriodGross,,,423548.000,,558578.000,,371970.000,,,,250100.000
ShareBasedCompensationArrangementByShareBasedPaymentAwardOptionsGrantsInPeriodWeightedAverageGrantDateFairValue,,,2.760,2.100,2.810,-5.140,2.070,2.010,2.180,-4.210,1.200
ShareBasedCompensationArrangementByShareBasedPaymentAwardSharesIssuedInPeriod,,,,11628.000,9553.000,,,,,,
ShareBasedCompensationArrangementsByShareBasedPaymentAwardOptionsExercisesInPeriodWeightedAverageExercisePrice,,,2.420,,1.940,,3.110,,,,0.000
ShareBasedCompensationArrangementsByShareBasedPaymentAwardOptionsExpirationsInPeriodWeightedAverageExercisePrice,,,,,,,5.000,,,,6.750
ShareBasedCompensationArrangementsByShareBasedPaymentAwardOptionsForfeituresInPeriodWeightedAverageExercisePrice,,,9.530,,7.810,,6.080,,,,8.630
ShareBasedCompensationArrangementsByShareBasedPaymentAwardOptionsGrantsInPeriodWeightedAverageExercisePrice,,,6.580,,6.360,,5.140,,,,2.330
SharebasedCompensationArrangementBySharebasedPaymentAwardOptionsVestedInPeriodFairValue1,,,,,,,,,,,400000.000
StockIssuedDuringPeriodSharesStockOptionsExercised,,,4549.000,,23284.000,,1823.000,,,,0.000
UnrealizedGainLossOnInvestments,,,,,,,,,,,4128000.000
WeightedAverageNumberOfDilutedSharesOutstanding,6939568.000,11219377.000,,11835405.000,11890057.000,,,,19481424.000,,21343782.000
WeightedAverageNumberOfShareOutstandingBasicAndDiluted,,,11814467.000,,,,11969714.000,13568120.000,,,
WeightedAverageNumberOfSharesOutstandingBasic,1013128.000,9279649.000,,11835405.000,11890057.000,,,,19098626.000,,21343782.000
