,2011-03-31,2011-06-30,2011-09-30,2011-12-31,2012-03-31,2012-06-30,2012-09-30,2012-12-31,2013-03-31,2013-06-30,2013-09-30,2013-12-31,2014-03-31,2014-06-30,2014-09-30,2014-12-31,2015-03-31,2015-06-30,2015-09-30,2015-12-31,2016-03-31,2016-06-30,2016-09-30,2016-12-31,2017-03-31,2017-06-30
AdjustmentsToAdditionalPaidInCapitalSharebasedCompensationRequisiteServicePeriodRecognitionValue,10000000.000,,,,10000000.000,,,,10000000.000,,,,9000000.000,,,,11000000.000,,,,6000000.000,,,,4000000.000,
AmortizationOfDebtDiscountPremium,,,,,,,,,6000000.000,,,,,,,,,,,,,,,,,
AntidilutiveSecuritiesExcludedFromComputationOfEarningsPerShareAmount,,,,,200000.000,100000.000,100000.000,-300000.000,200000.000,800000.000,400000.000,-1300000.000,200000.000,100000.000,,,100000.000,,,,400000.000,100000.000,100000.000,-100000.000,,100000.000
AssetImpairmentCharges,,,,,,,,,,,,,42000000.000,,,,,,,,,,,,,
BusinessCombinationAcquisitionRelatedCosts,,,,,,,,,,,,,2000000.000,12000000.000,0.000,3000000.000,14000000.000,1000000.000,0.000,0.000,0.000,0.000,0.000,0.000,,
BusinessExitCosts1,,,,,,,,,,,,,,,4000000.000,,0.000,0.000,6000000.000,,,,,,,
CashAndCashEquivalentsPeriodIncreaseDecrease,-54000000.000,,,,-92000000.000,,,,-46000000.000,,,,-422000000.000,,,,-685000000.000,,,,-460000000.000,,,,-221000000.000,
CashFlowHedgeGainLossToBeReclassifiedWithinTwelveMonths,,,,,-30000000.000,-56000000.000,-19000000.000,90000000.000,-37000000.000,,,,21000000.000,,,,-7000000.000,,,,-17000000.000,,,,21000000.000,
ComprehensiveIncomeNetOfTax,,,,,144000000.000,93000000.000,396000000.000,-100000000.000,24000000.000,148000000.000,152000000.000,101000000.000,42000000.000,130000000.000,121000000.000,-158000000.000,-156000000.000,150000000.000,9000000.000,1000000.000,102000000.000,65000000.000,143000000.000,-60000000.000,246000000.000,221000000.000
ComprehensiveIncomeNetOfTaxAttributableToNoncontrollingInterest,,,,,24000000.000,,,,23000000.000,21000000.000,29000000.000,29000000.000,22000000.000,24000000.000,,,,,,,,,,,,
ComprehensiveIncomeNetOfTaxIncludingPortionAttributableToNoncontrollingInterest,113000000.000,,,,168000000.000,111000000.000,422000000.000,-62000000.000,47000000.000,169000000.000,181000000.000,130000000.000,64000000.000,154000000.000,142000000.000,-136000000.000,-140000000.000,161000000.000,25000000.000,22000000.000,123000000.000,83000000.000,165000000.000,-34000000.000,273000000.000,242000000.000
CostOfGoodsSoldDepreciationAndAmortization,40000000.000,45000000.000,47000000.000,44000000.000,42000000.000,45000000.000,46000000.000,47000000.000,34000000.000,30000000.000,34000000.000,36000000.000,35000000.000,47000000.000,53000000.000,55000000.000,51000000.000,62000000.000,61000000.000,63000000.000,60000000.000,65000000.000,63000000.000,59000000.000,59000000.000,61000000.000
CostOfGoodsSoldExcludingDepreciationDepletionAndAmortization,,1865000000.000,1980000000.000,,1618000000.000,1799000000.000,1887000000.000,1709000000.000,1640000000.000,1818000000.000,1961000000.000,1761000000.000,1661000000.000,1960000000.000,2119000000.000,1785000000.000,1660000000.000,1843000000.000,1984000000.000,1629000000.000,1521000000.000,1691000000.000,1838000000.000,1533000000.000,1519000000.000,1719000000.000
DefinedBenefitPlanRecognizedNetGainLossDueToSettlements1,,,,,,,,,,,,,,,,,,,,,3000000.000,,-9000000.000,,-3000000.000,
DefinedBenefitPlanRecognizedNetGainLossDueToSettlementsAndCurtailments1,,,,,,,,,,,,,,,5000000.000,,,,,,,,,,,
DerivativeInstrumentsGainLossReclassifiedFromAccumulatedOCIIntoIncomeEffectivePortionNet,,9000000.000,4000000.000,,-8000000.000,-11000000.000,-21000000.000,-6000000.000,-2000000.000,-11000000.000,-13000000.000,-8000000.000,-15000000.000,-6000000.000,-3000000.000,7000000.000,0.000,-4000000.000,-9000000.000,-6000000.000,-3000000.000,-3000000.000,1000000.000,2000000.000,1000000.000,9000000.000
DerivativeInstrumentsGainLossRecognizedInOtherComprehensiveIncomeEffectivePortionNet,,-14000000.000,-42000000.000,,12000000.000,-31000000.000,-58000000.000,-5000000.000,-17000000.000,-23000000.000,-26000000.000,17000000.000,-8000000.000,6000000.000,7000000.000,1000000.000,-2000000.000,12000000.000,-14000000.000,-29000000.000,-2000000.000,17000000.000,4000000.000,-1000000.000,21000000.000,-3000000.000
EarningsPerShareBasic,0.100,0.850,0.860,0.050,0.470,0.910,2.230,0.200,0.290,0.940,0.730,0.360,0.180,0.770,1.780,0.090,0.320,1.030,1.020,0.480,0.570,1.220,1.320,0.470,0.770,0.950
EarningsPerShareDiluted,0.100,0.830,0.840,0.060,0.460,0.890,2.200,0.200,0.280,0.930,0.730,0.360,0.170,0.760,1.760,0.100,0.320,1.020,1.010,0.470,0.570,1.210,1.310,0.470,0.770,0.940
EffectOfExchangeRateOnCashAndCashEquivalents,11000000.000,,,,7000000.000,,,,-1000000.000,,,,-1000000.000,,,,-38000000.000,,,,0.000,,,,4000000.000,
EffectiveIncomeTaxRateReconciliationAtFederalStatutoryIncomeTaxRate,,0.350,0.350,,0.350,0.350,0.350,-0.700,0.350,0.350,0.350,-0.700,0.350,0.350,0.350,-0.700,0.350,0.350,0.350,-0.700,0.350,0.350,0.350,-0.700,0.350,0.350
ExtinguishmentOfDebtGainLossNetOfTax,,-2000000.000,0.000,,0.000,0.000,0.000,0.000,,0.000,0.000,,0.000,,,,,,,,,,,,,
ForeignCurrencyTransactionGainLossBeforeTax,0.000,-1000000.000,1000000.000,-2000000.000,-3000000.000,5000000.000,2000000.000,-3000000.000,-2000000.000,0.000,2000000.000,-3000000.000,-6000000.000,0.000,2000000.000,-10000000.000,-6000000.000,1000000.000,-9000000.000,-6000000.000,6000000.000,11000000.000,5000000.000,-6000000.000,1000000.000,-5000000.000
GainLossFromComponentsExcludedFromAssessmentOfFairValueHedgeEffectivenessNet,,,,,1000000.000,,,,1000000.000,,1000000.000,,1000000.000,,,,1000000.000,1000000.000,1000000.000,-2000000.000,1000000.000,,,,1000000.000,
GainLossOnCashFlowHedgeIneffectivenessNet,,,,,1000000.000,,,,,,,,,,,,,,,,,,,,,
GainLossOnDiscontinuationOfCashFlowHedgeDueToForecastedTransactionProbableOfNotOccurringNet,,0.000,0.000,,0.000,0.000,0.000,0.000,0.000,,,,0.000,,,,0.000,,,,0.000,,,,0.000,
GainLossOnForeignCurrencyDerivativeInstrumentsNotDesignatedAsHedgingInstruments,,7000000.000,-25000000.000,,,,,,,,,,,,,,,,,,,,,,,
GainLossOnForeignCurrencyFairValueHedgeDerivatives,,3000000.000,-4000000.000,,,,,,,,,,,,,,,,,,,,,,,
GainLossOnPriceRiskCashFlowHedgeIneffectiveness,,,,,,,,,,,,,-7000000.000,3000000.000,3000000.000,,2000000.000,,,,,,,,,
GainLossOnSalesOfAssetsAndAssetImpairmentCharges,,,,,,,,,,0.000,2000000.000,,,,-2000000.000,,-6000000.000,5000000.000,-14000000.000,-7000000.000,2000000.000,5000000.000,-4000000.000,-17000000.000,6000000.000,0.000
GainsLossesOnExtinguishmentOfDebt,-30000000.000,-2000000.000,0.000,64000000.000,0.000,0.000,0.000,0.000,-38000000.000,0.000,0.000,-3000000.000,0.000,0.000,-34000000.000,0.000,,-9000000.000,0.000,,-27000000.000,0.000,-10000000.000,0.000,0.000,-7000000.000
GrossProfit,292000000.000,371000000.000,396000000.000,289000000.000,287000000.000,340000000.000,369000000.000,281000000.000,299000000.000,375000000.000,394000000.000,274000000.000,297000000.000,376000000.000,422000000.000,287000000.000,286000000.000,373000000.000,415000000.000,,,,,,,
IncomeLossFromContinuingOperationsBeforeIncomeTaxesExtraordinaryItemsNoncontrollingInterest,,210000000.000,245000000.000,,122000000.000,,,,,,,,,,,,,,,,,,,,,
IncomeLossFromContinuingOperationsBeforeIncomeTaxesMinorityInterestAndIncomeLossFromEquityMethodInvestments,83000000.000,210000000.000,245000000.000,49000000.000,122000000.000,208000000.000,231000000.000,75000000.000,93000000.000,209000000.000,195000000.000,79000000.000,79000000.000,177000000.000,225000000.000,35000000.000,99000000.000,202000000.000,208000000.000,130000000.000,137000000.000,250000000.000,254000000.000,128000000.000,179000000.000,201000000.000
IncomeLossFromEquityMethodInvestments,,,1000000.000,,,,2000000.000,,-2000000.000,1000000.000,-1000000.000,2000000.000,0.000,0.000,0.000,0.000,,,,,,,,,,
IncomeTaxExpenseBenefit,41000000.000,54000000.000,87000000.000,12000000.000,32000000.000,51000000.000,-111000000.000,11000000.000,24000000.000,55000000.000,67000000.000,2000000.000,33000000.000,50000000.000,-41000000.000,-1000000.000,37000000.000,49000000.000,48000000.000,44000000.000,38000000.000,65000000.000,48000000.000,35000000.000,46000000.000,53000000.000
IncomeTaxReconciliationChangeInDeferredTaxAssetsValuationAllowance,,2000000.000,-13000000.000,,2000000.000,1000000.000,45000000.000,8000000.000,2000000.000,-1000000.000,-1000000.000,1000000.000,5000000.000,5000000.000,-91000000.000,11000000.000,3000000.000,2000000.000,2000000.000,14000000.000,2000000.000,0.000,-27000000.000,11000000.000,3000000.000,0.000
IncomeTaxReconciliationChangeInEnactedTaxRate,,0.000,28000000.000,,,0.000,2000000.000,,,,18000000.000,,,,0.000,,,,,,,,,,,
IncomeTaxReconciliationForeignIncomeTaxRateDifferential,,-23000000.000,-9000000.000,,-11000000.000,-22000000.000,-23000000.000,-14000000.000,-10000000.000,-21000000.000,-21000000.000,-1000000.000,-17000000.000,-27000000.000,-30000000.000,7000000.000,-12000000.000,-27000000.000,-27000000.000,-8000000.000,-14000000.000,-27000000.000,-30000000.000,-17000000.000,-21000000.000,-21000000.000
IncomeTaxReconciliationIncomeTaxExpenseBenefitAtFederalStatutoryIncomeTaxRate,,74000000.000,86000000.000,,43000000.000,73000000.000,81000000.000,26000000.000,33000000.000,73000000.000,68000000.000,29000000.000,28000000.000,62000000.000,78000000.000,13000000.000,35000000.000,70000000.000,73000000.000,46000000.000,48000000.000,88000000.000,89000000.000,44000000.000,63000000.000,70000000.000
IncomeTaxReconciliationNondeductibleExpenseImpairmentLosses,,,,,,,,,,,,,15000000.000,0.000,0.000,3000000.000,1000000.000,0.000,0.000,-1000000.000,0.000,,,,,
IncomeTaxReconciliationOtherAdjustments,,1000000.000,-5000000.000,,-2000000.000,-1000000.000,-216000000.000,-9000000.000,-1000000.000,4000000.000,3000000.000,-20000000.000,2000000.000,10000000.000,2000000.000,-18000000.000,3000000.000,3000000.000,0.000,-3000000.000,2000000.000,3000000.000,8000000.000,-8000000.000,-2000000.000,2000000.000
IncomeTaxReconciliationTaxContingencies,,,,,,,,,,,,,,,,,7000000.000,1000000.000,0.000,,0.000,1000000.000,8000000.000,2000000.000,3000000.000,2000000.000
IncreaseDecreaseInAccountsPayableAndAccruedLiabilities,-22000000.000,,,,-249000000.000,,,,-208000000.000,,,,-281000000.000,,,,-262000000.000,,,,-265000000.000,,,,-324000000.000,
IncreaseDecreaseInInventories,260000000.000,,,,140000000.000,,,,205000000.000,,,,154000000.000,,,,144000000.000,,,,180000000.000,,,,151000000.000,
IncreaseDecreaseInOtherOperatingCapitalNet,-5000000.000,,,,34000000.000,,,,15000000.000,,,,39000000.000,,,,44000000.000,,,,19000000.000,,,,-7000000.000,
IncreaseDecreaseInReceivables,163000000.000,,,,114000000.000,,,,118000000.000,,,,157000000.000,,,,-25000000.000,,,,93000000.000,,,,36000000.000,
InterestExpense,56000000.000,60000000.000,58000000.000,58000000.000,58000000.000,55000000.000,57000000.000,56000000.000,60000000.000,61000000.000,58000000.000,57000000.000,58000000.000,66000000.000,64000000.000,65000000.000,65000000.000,69000000.000,68000000.000,68000000.000,64000000.000,58000000.000,59000000.000,62000000.000,62000000.000,61000000.000
InterestIncomeExpenseNet,,,,,,,,,-58000000.000,-60000000.000,-57000000.000,-56000000.000,-56000000.000,-65000000.000,,,,,,,,,,,,
InvestmentIncomeInterest,4000000.000,2000000.000,2000000.000,3000000.000,2000000.000,1000000.000,2000000.000,2000000.000,2000000.000,1000000.000,1000000.000,1000000.000,2000000.000,1000000.000,2000000.000,2000000.000,2000000.000,2000000.000,4000000.000,3000000.000,3000000.000,2000000.000,3000000.000,4000000.000,3000000.000,3000000.000
LiabilityForAsbestosAndEnvironmentalClaimsNetClaimsPaid,,,,,3000000.000,,,,7000000.000,,,,7000000.000,,,,5000000.000,,,,3000000.000,,,,,
LiabilityForAsbestosAndEnvironmentalClaimsNetPaymentForClaims,,,,,,,,,,,,,,,,,,,,,,,,,3000000.000,
LitigationSettlementExpense,,,,,,,,,,,,,,,,,,,,,,,,,,16000000.000
LossContingencyClaimsSettledAndDismissedNumber,,,,,1000.000,,,,500.000,,,,1000.000,,,,1000.000,,,,,,,,,
LossContingencyNewClaimsFiledNumber,,,,,1000.000,,,,1000.000,,,,1000.000,,,,1000.000,,,,,,,,,
LossesGainsOnSalesOfAssetsAndAssetImpairmentCharges,,0.000,-2000000.000,,,-10000000.000,-14000000.000,,,,,,,,,,,,,,,,,,,
MinorityInterestDecreaseFromDistributionsToNoncontrollingInterestHolders,,,,,,,,,,,,,-8000000.000,,,,9000000.000,,,,8000000.000,,,,13000000.000,
MinorityInterestDecreaseFromRedemptions,-5000000.000,,,,,,,,10000000.000,,,,98000000.000,,,,,,,,,,,,,
NetCashProvidedByUsedInFinancingActivities,353000000.000,,,,338000000.000,,,,439000000.000,,,,147000000.000,,,,886000000.000,,,,-4000000.000,,,,199000000.000,
NetCashProvidedByUsedInFinancingActivitiesContinuingOperations,353000000.000,,,,338000000.000,,,,439000000.000,,,,147000000.000,,,,886000000.000,,,,-4000000.000,,,,199000000.000,
NetCashProvidedByUsedInInvestingActivities,-101000000.000,,,,-48000000.000,,,,-52000000.000,,,,-73000000.000,,,,-1246000000.000,,,,-48000000.000,,,,-104000000.000,
NetCashProvidedByUsedInInvestingActivitiesContinuingOperations,-101000000.000,,,,-48000000.000,,,,-52000000.000,,,,-73000000.000,,,,-1246000000.000,,,,-48000000.000,,,,-104000000.000,
NetCashProvidedByUsedInOperatingActivities,-317000000.000,,,,-389000000.000,,,,-432000000.000,,,,-495000000.000,,,,-287000000.000,,,,-408000000.000,,,,-320000000.000,
NetCashProvidedByUsedInOperatingActivitiesContinuingOperations,-317000000.000,,,,-389000000.000,,,,-432000000.000,,,,-495000000.000,,,,-287000000.000,,,,-408000000.000,,,,-320000000.000,
NetIncomeLoss,16000000.000,129000000.000,129000000.000,8000000.000,69000000.000,134000000.000,325000000.000,29000000.000,41000000.000,133000000.000,101000000.000,49000000.000,24000000.000,106000000.000,244000000.000,13000000.000,44000000.000,142000000.000,141000000.000,66000000.000,79000000.000,169000000.000,183000000.000,65000000.000,107000000.000,128000000.000
NetIncomeLossAttributableToNoncontrollingInterest,26000000.000,27000000.000,30000000.000,31000000.000,21000000.000,23000000.000,19000000.000,38000000.000,26000000.000,22000000.000,26000000.000,30000000.000,22000000.000,21000000.000,22000000.000,23000000.000,18000000.000,11000000.000,19000000.000,20000000.000,20000000.000,16000000.000,23000000.000,28000000.000,26000000.000,20000000.000
OperatingIncomeLoss,,,,,,,,,,,286000000.000,,227000000.000,,,,,,,,219000000.000,295000000.000,315000000.000,192000000.000,237000000.000,271000000.000
OtherComprehensiveIncomeDefinedBenefitPlansAdjustmentNetOfTaxPeriodIncreaseDecrease,,,,,16000000.000,17000000.000,17000000.000,,,,,,,,,,,,,,,,,,,
OtherComprehensiveIncomeDerivativesQualifyingAsHedgesNetOfTaxPeriodIncreaseDecrease,6000000.000,,,,23000000.000,-24000000.000,43000000.000,,,,,,,,,,,,,,,,,,,
OtherComprehensiveIncomeDerivativesQualifyingAsHedgesNetOfTaxPortionAttributableToNoncontrollingInterest,,,,,,-4000000.000,6000000.000,,-3000000.000,0.000,2000000.000,-1000000.000,0.000,2000000.000,1000000.000,-1000000.000,,-1000000.000,-1000000.000,,1000000.000,2000000.000,-1000000.000,0.000,1000000.000,-1000000.000
OtherComprehensiveIncomeForeignCurrencyTransactionAndTranslationAdjustmentNetOfTaxPeriodIncreaseDecrease,49000000.000,,,,39000000.000,-39000000.000,18000000.000,,,,,,,,,,,,,,,,,,,
OtherComprehensiveIncomeForeignCurrencyTransactionAndTranslationAdjustmentNetOfTaxPortionAttributableToNoncontrollingInterest,,,,,,-1000000.000,1000000.000,,,-1000000.000,1000000.000,,,1000000.000,-2000000.000,,-2000000.000,1000000.000,-2000000.000,0.000,0.000,0.000,0.000,-2000000.000,,2000000.000
OtherComprehensiveIncomeLossBeforeReclassificationsNetOfTax,,,,,,,,,,,,,12000000.000,,,,-211000000.000,,,,7000000.000,,,,131000000.000,
OtherComprehensiveIncomeLossDerivativesQualifyingAsHedgesNetOfTax,,,,,,,,,-18000000.000,-12000000.000,15000000.000,-2000000.000,7000000.000,14000000.000,11000000.000,-7000000.000,-2000000.000,-8000000.000,-7000000.000,2000000.000,2000000.000,22000000.000,2000000.000,-3000000.000,21000000.000,-13000000.000
OtherComprehensiveIncomeLossForeignCurrencyTransactionAndTranslationAdjustmentNetOfTax,,,,,,,,,-20000000.000,-4000000.000,25000000.000,-11000000.000,-4000000.000,-4000000.000,-154000000.000,-161000000.000,-211000000.000,4000000.000,-153000000.000,-109000000.000,9000000.000,-134000000.000,-45000000.000,-265000000.000,110000000.000,99000000.000
OtherComprehensiveIncomeLossNetOfTax,,,,,,,,,-20000000.000,14000000.000,54000000.000,51000000.000,18000000.000,27000000.000,-124000000.000,-172000000.000,-202000000.000,8000000.000,-135000000.000,-64000000.000,24000000.000,-102000000.000,-41000000.000,-127000000.000,140000000.000,94000000.000
OtherComprehensiveIncomeLossNetOfTaxPeriodIncreaseDecrease,,,,,,-46000000.000,78000000.000,,,,,,,,,,,,,,,,,,,
OtherComprehensiveIncomeLossNetOfTaxPortionAttributableToParent,,,,,,,,,,,,,,,,,-200000000.000,,,,23000000.000,,,,139000000.000,
OtherComprehensiveIncomeLossPensionAndOtherPostretirementBenefitPlansAdjustmentNetOfTax,,,,,,,,,-18000000.000,-30000000.000,-14000000.000,-64000000.000,-15000000.000,-17000000.000,-19000000.000,4000000.000,-11000000.000,-12000000.000,-25000000.000,-43000000.000,-13000000.000,-10000000.000,-2000000.000,-141000000.000,-9000000.000,-8000000.000
OtherComprehensiveIncomeLossTax,,,,,,,,,-17000000.000,,,,18000000.000,,,,,,,,,,,,,
OtherOperatingIncome,,,,,,,,,,,31000000.000,,24000000.000,,,,,,,,,,,,,
OtherOperatingIncomeExpenseNet,,,,,,,,,,,-36000000.000,,-58000000.000,,,,,,,,,,,,,
OtherRestructuringCosts,,,,,,,,,,,,,8000000.000,9000000.000,,,,,,,4000000.000,0.000,9000000.000,5000000.000,0.000,16000000.000
PaymentsForProceedsFromOtherInvestingActivities,-2000000.000,,,,9000000.000,,,,-3000000.000,,,,-8000000.000,,,,9000000.000,,,,-3000000.000,,,,0.000,
PaymentsForRepurchaseOfCommonStock,6000000.000,,,,7000000.000,,,,6000000.000,,,,2000000.000,,,,4000000.000,,,,4000000.000,,,,133000000.000,
PaymentsOfDebtExtinguishmentCosts,,,,,,,,,23000000.000,,,,,,28000000.000,,,,,,,,,,,
PaymentsOfDebtIssuanceCosts,11000000.000,,,,0.000,,,,15000000.000,,,,0.000,,,,,,,,2000000.000,,,,0.000,
PaymentsOfDividendsMinorityInterest,6000000.000,,,,16000000.000,,,,8000000.000,,,,23000000.000,,,,9000000.000,,,,8000000.000,,,,13000000.000,
PaymentsToAcquireAdditionalInterestInSubsidiaries,,,,,,,,,10000000.000,,,,93000000.000,,,,0.000,,,,,,,,,
PaymentsToAcquireBusinessesNetOfCashAcquired,,,,,,,,,,,,,,,,,1206000000.000,,,,0.000,,,,,
PaymentsToAcquirePropertyPlantAndEquipment,103000000.000,,,,62000000.000,,,,63000000.000,,,,84000000.000,,,,52000000.000,,,,51000000.000,,,,107000000.000,
PensionContributions,18000000.000,,,,18000000.000,,,,20000000.000,,,,22000000.000,,,,17000000.000,,,,25000000.000,,,,13000000.000,
PensionExpense,24000000.000,,,,24000000.000,,,,19000000.000,,,,16000000.000,,,,11000000.000,,,,7000000.000,,,,5000000.000,
ProceedsFromContributionsFromAffiliates,,,,,,,,,0.000,,,,0.000,,,,,,,,,,,,,
ProceedsFromDivestitureOfBusinesses,,,,,,,,,,,,,,,,,21000000.000,,,,0.000,,,,,
ProceedsFromInsuranceSettlementInvestingActivities,,,,,23000000.000,,,,8000000.000,,,,0.000,,,,,,,,,,,,,
ProceedsFromIssuanceOfCommonStock,,,,,,,,,8000000.000,,,,4000000.000,,,,3000000.000,,,,1000000.000,,,,7000000.000,
ProceedsFromIssuanceOfLongTermDebt,754000000.000,,,,21000000.000,,,,1007000000.000,,,,70000000.000,,,,750000000.000,,,,303000000.000,,,,4000000.000,
ProceedsFromPaymentsForOtherFinancingActivities,5000000.000,,,,8000000.000,,,,10000000.000,,,,2000000.000,,,,-47000000.000,,,,32000000.000,,,,-5000000.000,
ProceedsFromRepaymentsOfRelatedPartyDebt,,,,,,,,,0.000,,,,,,,,,,,,,,,,,
ProceedsFromRepaymentsOfShortTermDebt,218000000.000,,,,338000000.000,,,,364000000.000,,,,218000000.000,,,,234000000.000,,,,383000000.000,,,,351000000.000,
ProceedsFromSaleOfPropertyPlantAndEquipment,,,,,,,,,,,,,3000000.000,,,,,,,,,,,,3000000.000,
ProfitLoss,42000000.000,156000000.000,159000000.000,39000000.000,90000000.000,157000000.000,344000000.000,67000000.000,67000000.000,155000000.000,127000000.000,79000000.000,46000000.000,127000000.000,266000000.000,36000000.000,62000000.000,153000000.000,160000000.000,86000000.000,99000000.000,185000000.000,206000000.000,93000000.000,133000000.000,148000000.000
ReclassificationFromAccumulatedOtherComprehensiveIncomeCurrentPeriodNetOfTax,,,,,,,,,,,,,30000000.000,,,,-11000000.000,,,,-16000000.000,,,,-8000000.000,
RepaymentsOfLongTermDebt,605000000.000,,,,8000000.000,,,,911000000.000,,,,29000000.000,,,,41000000.000,,,,709000000.000,,,,12000000.000,
RestructuringCharges,25000000.000,0.000,2000000.000,50000000.000,0.000,3000000.000,7000000.000,38000000.000,4000000.000,4000000.000,33000000.000,5000000.000,52000000.000,31000000.000,6000000.000,-68000000.000,0.000,1000000.000,20000000.000,2000000.000,,2000000.000,7000000.000,,2000000.000,2000000.000
Revenues,1882000000.000,2281000000.000,2423000000.000,2058000000.000,1947000000.000,2184000000.000,2302000000.000,2037000000.000,1973000000.000,2223000000.000,2420000000.000,2071000000.000,2017000000.000,2383000000.000,2594000000.000,2127000000.000,1997000000.000,2278000000.000,2460000000.000,2027000000.000,1893000000.000,2142000000.000,2326000000.000,1923000000.000,1901000000.000,2161000000.000
RevenuesFromTransactionsWithOtherOperatingSegmentsOfSameEntity,,82000000.000,68000000.000,,83000000.000,85000000.000,62000000.000,84000000.000,71000000.000,72000000.000,,,,,,,,,,,,,,,,
RoyaltyExpense,,,,,,,,,0.000,0.000,0.000,0.000,0.000,,,,,,,,,,,,,
SalesRevenueNet,1882000000.000,2281000000.000,2423000000.000,2058000000.000,1947000000.000,2184000000.000,2302000000.000,2037000000.000,1973000000.000,2223000000.000,2389000000.000,2071000000.000,1993000000.000,2383000000.000,2594000000.000,2127000000.000,1997000000.000,2278000000.000,2460000000.000,2027000000.000,1893000000.000,2142000000.000,2326000000.000,1923000000.000,1901000000.000,2161000000.000
SegmentReportingInformationRevenue,,1936000000.000,2061000000.000,,,,,,,,,,,,,,,,,,,,,,,
SellingGeneralAndAdministrativeExpense,102000000.000,100000000.000,96000000.000,97000000.000,106000000.000,90000000.000,92000000.000,94000000.000,104000000.000,102000000.000,113000000.000,106000000.000,104000000.000,103000000.000,95000000.000,96000000.000,98000000.000,99000000.000,94000000.000,99000000.000,91000000.000,94000000.000,90000000.000,93000000.000,90000000.000,92000000.000
ShareBasedCompensation,10000000.000,,,,10000000.000,,,,10000000.000,,,,9000000.000,,,,11000000.000,,,,6000000.000,,,,4000000.000,
ShareBasedCompensationArrangementByShareBasedPaymentAwardSharesIssuedInPeriod,,,,,,,,,,1200000.000,,,,,,,,,,,,,,,,
StockIssuedDuringPeriodValueRestrictedStockAwardGross,,,,,,,,,,,,,,,,,,,,,,,,,0.000,
StockIssuedDuringPeriodValueShareBasedCompensation,-4000000.000,,,,-2000000.000,,,,8000000.000,,,,4000000.000,,,,3000000.000,,,,1000000.000,,,,7000000.000,
StockRepurchasedDuringPeriodValue,,,,,,,,,6000000.000,,,,2000000.000,,,,4000000.000,,,,4000000.000,,,,140000000.000,
WeightedAverageNumberDilutedSharesOutstandingAdjustment,,3200000.000,2600000.000,,2200000.000,2500000.000,2300000.000,-4700000.000,1500000.000,1300000.000,1400000.000,-3000000.000,1100000.000,1400000.000,1300000.000,-2500000.000,1300000.000,1400000.000,1000000.000,-2500000.000,900000.000,800000.000,800000.000,-1720000.000,500000.000,400000.000
WeightedAverageNumberOfDilutedSharesOutstanding,157928690.000,155486354.000,152680719.000,-311795763.000,150000000.000,150500000.000,147800000.000,-299900000.000,144000000.000,142500000.000,139200000.000,-285000000.000,137900000.000,138600000.000,138700000.000,-276700000.000,139000000.000,139300000.000,139100000.000,-278260000.000,139000000.000,139300000.000,139500000.000,-278490000.000,139000000.000,135700000.000
WeightedAverageNumberOfSharesOutstandingBasic,154610056.000,152344400.000,150138644.000,-305393100.000,147800000.000,148000000.000,145500000.000,-295200000.000,142500000.000,141200000.000,137800000.000,-282000000.000,136800000.000,137200000.000,137400000.000,-274200000.000,137700000.000,137900000.000,138100000.000,-275760000.000,138100000.000,138500000.000,138700000.000,-276770000.000,138500000.000,135300000.000
WriteOffOfDeferredDebtIssuanceCost,,,,,,,,,9000000.000,,,,,,6000000.000,,,,,,,,,,,
