,2011-03-31,2011-06-30,2011-09-30,2011-12-31,2012-03-31,2012-06-30,2012-09-30,2012-12-31,2013-03-31,2013-06-30,2013-09-30,2013-12-31,2014-03-31,2014-06-30,2014-09-30,2014-12-31,2015-03-31,2015-06-30,2015-09-30,2015-12-31,2016-03-31,2016-06-30,2016-09-30,2016-12-31,2017-03-31,2017-06-30
AccrualForEnvironmentalLossContingenciesIncreaseDecreaseForRevisionInEstimates,,,,,12000000.000,,,,5000000.000,,,,-16000000.000,,,,-5000000.000,,,,-19000000.000,,,,26000000.000,
AccrualForEnvironmentalLossContingenciesPayments,9000000.000,,,,12000000.000,,,,8000000.000,,,,19000000.000,,,,16000000.000,,,,7000000.000,,,,,
AccrualForEnvironmentalLossContingenciesPayments1,,,,,,,,,,,,,,,,,,,,,,,,,11000000.000,
AdjustmentToAdditionalPaidInCapitalIncomeTaxEffectFromShareBasedCompensationNet,,,,,40000000.000,,,,17000000.000,,,,68000000.000,,,,112000000.000,,,,44000000.000,,,,,
AdjustmentsNoncashItemsToReconcileNetIncomeLossToCashProvidedByUsedInOperatingActivitiesOther,113000000.000,,,,,,,,,,,,,,,,,,,,,,,,,
AdjustmentsToAdditionalPaidInCapitalSharebasedCompensationRequisiteServicePeriodRecognitionValue,,,,,50000000.000,,,,58000000.000,,,,55000000.000,,,,47000000.000,,,,54000000.000,,,,48000000.000,
AmortizationOfFinancingCostsAndDiscounts,4000000.000,,,,,,,,,,,,,,,,,,,,,,,,,
AmortizationOfIntangibleAssets,49000000.000,,,,,,,,,,,,,,,,,,,,,,,,,
AntidilutiveSecuritiesExcludedFromComputationOfEarningsPerShareAmount,,,,,,,,,,,,,,,,,,,,,,6700000.000,,,,
AssetImpairmentCharges,10000000.000,,,,36000000.000,,,,26000000.000,,,,29000000.000,,,,17000000.000,,,,33000000.000,,,,23000000.000,
CashAndCashEquivalentsPeriodIncreaseDecrease,311000000.000,,,,-3331000000.000,,,,-2006000000.000,,,,-2146000000.000,,,,-3078000000.000,,,,-3416000000.000,,,,-611000000.000,
CashFlowHedgeGainLossToBeReclassifiedWithinTwelveMonths,52000000.000,,,,31000000.000,,,,43000000.000,,,,-11000000.000,,,,-147000000.000,,,,-123000000.000,,,,-72000000.000,
CommonStockDividendsPerShareCashPaid,0.420,0.420,0.420,,0.440,0.440,0.440,,0.490,0.485,0.485,,0.730,0.730,0.730,,0.910,0.910,0.910,,1.090,1.090,1.090,,1.420,1.420
CommonStockDividendsPerShareDeclared,,,,,,,,,,,,,,,,,,,,,,,,,0.000,
ComprehensiveIncomeNetOfTax,942000000.000,,,,1329000000.000,1246000000.000,1590000000.000,,,,,,,,,,,,,,,,,,,
ComprehensiveIncomeNetOfTaxAttributableToNoncontrollingInterest,,,,,,,,,,,,,,,,,,,,,1000000.000,-1000000.000,-1000000.000,0.000,,-1000000.000
ComprehensiveIncomeNetOfTaxIncludingPortionAttributableToNoncontrollingInterest,,,,,,,,,1483000000.000,1354000000.000,1747000000.000,7532000000.000,1979000000.000,1880000000.000,1371000000.000,-3783000000.000,1423000000.000,1505000000.000,1860000000.000,1540000000.000,1130000000.000,-192000000.000,2415000000.000,666000000.000,1659000000.000,1941000000.000
CostOfGoodsSold,9506000000.000,10823000000.000,12006000000.000,14307000000.000,13661000000.000,14759000000.000,14683000000.000,17206000000.000,13728000000.000,16437000000.000,16865000000.000,18610000000.000,15258000000.000,16674000000.000,18091000000.000,18528000000.000,16380000000.000,19247000000.000,19393000000.000,18426000000.000,16945000000.000,20265000000.000,17907000000.000,17596000000.000,15363000000.000,16443000000.000
CostOfRevenue,12049000000.000,13200000000.000,14357000000.000,16261000000.000,16069000000.000,16740000000.000,16794000000.000,19041000000.000,15756000000.000,18450000000.000,18674000000.000,20388000000.000,17296000000.000,18670000000.000,20075000000.000,20711000000.000,18496000000.000,21350000000.000,21600000000.000,20642000000.000,19097000000.000,22325000000.000,19904000000.000,19464000000.000,17264000000.000,18388000000.000
CostOfServices,2510000000.000,2348000000.000,2319000000.000,1920000000.000,2380000000.000,1962000000.000,2089000000.000,1816000000.000,2009000000.000,1995000000.000,1791000000.000,1758000000.000,2020000000.000,1979000000.000,1966000000.000,2167000000.000,2100000000.000,2086000000.000,2191000000.000,2201000000.000,2136000000.000,2044000000.000,1983000000.000,1855000000.000,1888000000.000,1932000000.000
DefinedBenefitPlanContributionsByEmployer,,,,,4000000.000,,,,,,,,,,,,,,,,,,,,,
DefinedBenefitPlanCurtailments,34000000.000,,,,,,,,,,,,,,,,,,,,,,,,,
Depreciation,331000000.000,,,,,,,,,,,,,,,,,,,,,,,,,
DepreciationDepletionAndAmortization,,,,,426000000.000,,,,429000000.000,,,,448000000.000,,,,459000000.000,,,,443000000.000,,,,471000000.000,
DerivativeInstrumentsNotDesignatedAsHedgingInstrumentsGainLossNet,,,,,,-14000000.000,,,,,,,,,,,,,,,,,,,,
DiscontinuedOperationGainLossFromDisposalOfDiscontinuedOperationBeforeIncomeTax,-3000000.000,,,,-2000000.000,,,,,,,,1000000.000,,,,,,,,,,,,,
DiscontinuedOperationGainLossOnDisposalOfDiscontinuedOperationNetOfTax,-2000000.000,-1000000.000,4000000.000,6000000.000,-1000000.000,,-2000000.000,,,1000000.000,-2000000.000,,,,,,,,,,,,,,,
DiscontinuedOperationTaxEffectOfIncomeLossFromDisposalOfDiscontinuedOperation,1000000.000,0.000,-2000000.000,-3000000.000,1000000.000,0.000,1000000.000,0.000,0.000,0.000,0.000,0.000,,,0.000,,,,,,,,,,,
EarningsPerShareBasic,0.790,1.270,1.470,1.860,1.230,1.280,1.360,1.280,1.450,1.430,1.530,1.620,1.300,2.260,1.880,2.030,1.890,1.610,2.500,1.520,1.850,-0.370,3.640,2.580,2.360,2.930
EarningsPerShareDiluted,0.780,1.250,1.460,1.850,1.220,1.270,1.350,1.270,1.440,1.410,1.510,1.600,1.280,2.240,1.860,2.000,1.870,1.590,2.470,1.510,1.830,-0.370,3.600,2.550,2.340,2.890
EffectOfExchangeRateOnCashAndCashEquivalents,25000000.000,,,,22000000.000,,,,-11000000.000,,,,4000000.000,,,,-17000000.000,,,,12000000.000,,,,20000000.000,
EffectiveIncomeTaxRateContinuingOperations,0.334,0.339,0.334,-0.751,0.368,0.331,0.295,-0.654,0.231,0.334,0.328,-0.629,0.339,0.037,0.329,-0.468,0.313,0.316,0.315,-0.667,0.300,0.511,-0.034,-0.656,0.259,0.287
EquityMethodInvestmentDividendsOrDistributions,,,,,,,155000000.000,,50000000.000,53000000.000,60000000.000,63000000.000,59000000.000,75000000.000,81000000.000,78000000.000,79000000.000,45000000.000,62000000.000,53000000.000,49000000.000,117000000.000,83000000.000,65000000.000,96000000.000,52000000.000
ExcessTaxBenefitFromShareBasedCompensationFinancingActivities,22000000.000,,,,40000000.000,,,,23000000.000,,,,68000000.000,,,,112000000.000,,,,44000000.000,,,,,
ExcessTaxBenefitFromShareBasedCompensationOperatingActivities,22000000.000,,,,40000000.000,,,,23000000.000,,,,68000000.000,,,,112000000.000,,,,44000000.000,,,,,
ExtendedProductWarrantyAccrualWarrantiesIssued,,,,,109000000.000,,,,63000000.000,,,,,,,,,,,,,,,,,
FinancialServicesCosts,,29000000.000,32000000.000,,28000000.000,19000000.000,22000000.000,19000000.000,19000000.000,18000000.000,18000000.000,20000000.000,18000000.000,17000000.000,18000000.000,16000000.000,16000000.000,17000000.000,16000000.000,15000000.000,16000000.000,16000000.000,14000000.000,13000000.000,13000000.000,13000000.000
FinancingInterestExpense,33000000.000,,,,,,,,,,,,,,,,,,,,,,,,,
GainLossOnDispositionOfAssets,,20000000.000,,,,-2000000.000,-1000000.000,,22000000.000,,-1000000.000,,,2000000.000,,,1000000.000,,-1000000.000,,4000000.000,-13000000.000,-1000000.000,3000000.000,2000000.000,-2000000.000
GeneralAndAdministrativeExpense,866000000.000,870000000.000,807000000.000,865000000.000,955000000.000,903000000.000,916000000.000,943000000.000,971000000.000,929000000.000,956000000.000,1100000000.000,877000000.000,918000000.000,932000000.000,1040000000.000,945000000.000,760000000.000,889000000.000,931000000.000,888000000.000,806000000.000,923000000.000,999000000.000,933000000.000,1040000000.000
GrossProfit,2861000000.000,3343000000.000,3370000000.000,3294000000.000,3314000000.000,3265000000.000,3214000000.000,3261000000.000,3137000000.000,3365000000.000,3456000000.000,3397000000.000,3169000000.000,3375000000.000,3709000000.000,3757000000.000,3653000000.000,3193000000.000,4249000000.000,2931000000.000,3535000000.000,2430000000.000,3994000000.000,3822000000.000,3712000000.000,4351000000.000
IncomeLossFromContinuingOperations,588000000.000,942000000.000,1094000000.000,1387000000.000,924000000.000,967000000.000,1034000000.000,978000000.000,1106000000.000,1087000000.000,1160000000.000,1233000000.000,965000000.000,1653000000.000,1362000000.000,1466000000.000,,,,,,,,,,
IncomeLossFromContinuingOperationsBeforeIncomeTaxesExtraordinaryItemsNoncontrollingInterest,,1425000000.000,1642000000.000,,1463000000.000,1446000000.000,1466000000.000,1535000000.000,1438000000.000,1633000000.000,1727000000.000,1434000000.000,1459000000.000,1717000000.000,2031000000.000,1930000000.000,1946000000.000,1623000000.000,2487000000.000,1099000000.000,1741000000.000,-479000000.000,2203000000.000,2103000000.000,1959000000.000,2469000000.000
IncomeLossFromContinuingOperationsBeforeIncomeTaxesMinorityInterestAndIncomeLossFromEquityMethodInvestments,883000000.000,,,,,,,,,,,,,,,,,,,,,,,,,
IncomeLossFromContinuingOperationsPerBasicShare,0.790,1.270,1.470,1.850,1.230,1.280,1.360,1.280,1.450,1.430,1.530,1.620,1.300,2.260,1.880,2.030,,,,,1.850,-0.370,3.640,2.580,2.360,2.930
IncomeLossFromContinuingOperationsPerDilutedShare,0.780,1.250,1.460,1.840,1.220,1.270,1.350,1.270,1.440,1.410,1.510,1.600,1.280,2.240,1.860,2.000,,,,,1.830,-0.370,3.600,2.550,2.340,2.890
IncomeLossFromEquityMethodInvestments,62000000.000,88000000.000,52000000.000,76000000.000,46000000.000,45000000.000,120000000.000,57000000.000,45000000.000,43000000.000,59000000.000,67000000.000,59000000.000,61000000.000,92000000.000,75000000.000,79000000.000,50000000.000,78000000.000,67000000.000,54000000.000,97000000.000,69000000.000,83000000.000,81000000.000,39000000.000
IncomeTaxExpenseBenefit,295000000.000,483000000.000,548000000.000,56000000.000,539000000.000,479000000.000,432000000.000,557000000.000,332000000.000,546000000.000,567000000.000,201000000.000,494000000.000,64000000.000,669000000.000,464000000.000,610000000.000,513000000.000,783000000.000,73000000.000,522000000.000,-245000000.000,-76000000.000,472000000.000,508000000.000,708000000.000
IncreaseDecreaseInAccountsPayable,969000000.000,,,,506000000.000,,,,654000000.000,,,,1350000000.000,,,,848000000.000,,,,960000000.000,,,,616000000.000,
IncreaseDecreaseInAccountsReceivable,633000000.000,,,,729000000.000,,,,437000000.000,,,,792000000.000,,,,389000000.000,,,,1002000000.000,,,,769000000.000,
IncreaseDecreaseInBillingInExcessOfCostOfEarnings,,,,,-160000000.000,,,,1833000000.000,,,,1085000000.000,,,,-422000000.000,,,,-435000000.000,,,,249000000.000,
IncreaseDecreaseInIncomeTaxes,,,,,,,,,,,,,,,,,443000000.000,,,,273000000.000,,,,495000000.000,
IncreaseDecreaseInIncomeTaxesPayableNetOfIncomeTaxesReceivable,,,,,333000000.000,,,,214000000.000,,,,455000000.000,,,,,,,,,,,,,
IncreaseDecreaseInIncomeTaxesReceivable,-217000000.000,,,,,,,,,,,,,,,,,,,,,,,,,
IncreaseDecreaseInInventories,2622000000.000,,,,497000000.000,,,,3000000000.000,,,,2049000000.000,,,,1822000000.000,,,,56000000.000,,,,31000000.000,
IncreaseDecreaseInOtherAccruedLiabilities,-736000000.000,,,,-1032000000.000,,,,-1133000000.000,,,,-1385000000.000,,,,-900000000.000,,,,-467000000.000,,,,-613000000.000,
IncreaseDecreaseInOtherNoncurrentLiabilities,,,,,-45000000.000,,,,-73000000.000,,,,-124000000.000,,,,-82000000.000,,,,-116000000.000,,,,-72000000.000,
IncreaseDecreaseInOtherOperatingCapitalNet,-49000000.000,,,,6000000.000,,,,3000000.000,,,,18000000.000,,,,50000000.000,,,,61000000.000,,,,75000000.000,
IncreaseDecreaseInOtherOperatingLiabilities,-66000000.000,,,,,,,,,,,,,,,,,,,,,,,,,
IncreaseDecreaseInPensionAndPostretirementObligations,617000000.000,,,,724000000.000,,,,821000000.000,,,,733000000.000,,,,608000000.000,,,,79000000.000,,,,10000000.000,
IncrementalCommonSharesAttributableToParticipatingNonvestedSharesWithNonForfeitableDividendRights,,,,,,,,,,,1800000.000,,1600000.000,1300000.000,1300000.000,-2900000.000,1100000.000,1100000.000,1200000.000,-2300000.000,1000000.000,1000000.000,900000.000,-1900000.000,800000.000,700000.000
InterestAndDebtExpense,130000000.000,123000000.000,121000000.000,124000000.000,119000000.000,112000000.000,115000000.000,117000000.000,99000000.000,96000000.000,95000000.000,96000000.000,92000000.000,81000000.000,79000000.000,81000000.000,61000000.000,75000000.000,67000000.000,72000000.000,73000000.000,73000000.000,81000000.000,79000000.000,87000000.000,93000000.000
InventoryWriteDown,,,,,,,,,,,,,,,,,,,,,,1235000000.000,1235000000.000,,,
MinorityInterestPeriodIncreaseDecrease,,,,,,,,,-4000000.000,,,,-12000000.000,,,,,,,,,,,,,
NetCashProvidedByUsedInFinancingActivities,-1468000000.000,,,,-1187000000.000,,,,-1705000000.000,,,,-3668000000.000,,,,-2935000000.000,,,,-4221000000.000,,,,-2463000000.000,
NetCashProvidedByUsedInFinancingActivitiesContinuingOperations,-1468000000.000,,,,-1187000000.000,,,,-1705000000.000,,,,-3668000000.000,,,,-2935000000.000,,,,-4221000000.000,,,,-2463000000.000,
NetCashProvidedByUsedInInvestingActivities,2707000000.000,,,,-3003000000.000,,,,-814000000.000,,,,406000000.000,,,,-214000000.000,,,,-438000000.000,,,,-262000000.000,
NetCashProvidedByUsedInInvestingActivitiesContinuingOperations,2707000000.000,,,,-3003000000.000,,,,-814000000.000,,,,406000000.000,,,,-214000000.000,,,,-438000000.000,,,,-262000000.000,
NetCashProvidedByUsedInOperatingActivities,-953000000.000,,,,837000000.000,,,,524000000.000,,,,1112000000.000,,,,88000000.000,,,,1231000000.000,,,,2094000000.000,
NetCashProvidedByUsedInOperatingActivitiesContinuingOperations,-953000000.000,,,,837000000.000,,,,524000000.000,,,,1112000000.000,,,,88000000.000,,,,1231000000.000,,,,2094000000.000,
NetIncomeLoss,586000000.000,941000000.000,1098000000.000,1393000000.000,923000000.000,967000000.000,1032000000.000,978000000.000,1106000000.000,1088000000.000,1158000000.000,1233000000.000,965000000.000,1653000000.000,1362000000.000,1466000000.000,1336000000.000,1110000000.000,1704000000.000,1026000000.000,1219000000.000,-234000000.000,2279000000.000,1631000000.000,1451000000.000,1761000000.000
NetIncomeLossAttributableToNoncontrollingInterest,,,,,,,,,-2000000.000,-19000000.000,18000000.000,-6000000.000,-3000000.000,-3000000.000,-3000000.000,-1000000.000,1000000.000,,1000000.000,,,,,,,
OperatingIncomeLoss,1000000000.000,1534000000.000,1714000000.000,1596000000.000,1570000000.000,1548000000.000,1564000000.000,1629000000.000,1528000000.000,1716000000.000,1803000000.000,1515000000.000,1542000000.000,1787000000.000,2119000000.000,2025000000.000,2019000000.000,1683000000.000,2580000000.000,1161000000.000,1788000000.000,-419000000.000,2282000000.000,2183000000.000,2024000000.000,2535000000.000
OtherComprehensiveIncomeAmortizationOfDefinedBenefitPlanNetPriorServiceCostRecognizedInNetPeriodicPensionCostTax,,,,,,,,,-1000000.000,-2000000.000,,,,,,,,,,,,,,,,
OtherComprehensiveIncomeDefinedBenefitPlansAdjustmentNetOfTaxPeriodIncreaseDecrease,271000000.000,,,,343000000.000,,,,,,,,,,,,,,,,,,,,,
OtherComprehensiveIncomeDefinedBenefitPlansNetUnamortizedGainLossArisingDuringPeriodNetOfTax,,,,,,,,,30000000.000,,101000000.000,,620000000.000,2000000.000,1000000.000,-5235000000.000,,31000000.000,-27000000.000,,-328000000.000,-59000000.000,-1000000.000,-977000000.000,3000000.000,
OtherComprehensiveIncomeDefinedBenefitPlansNetUnamortizedGainLossArisingDuringPeriodTax,,,,,,,,,16000000.000,0.000,56000000.000,3365000000.000,346000000.000,1000000.000,1000000.000,-2936000000.000,,17000000.000,-15000000.000,,-181000000.000,-34000000.000,,,1000000.000,
OtherComprehensiveIncomeDefinedBenefitPlansTax,-159000000.000,,,,-198000000.000,,,,,,,,,,,,,,,,,,,,,
OtherComprehensiveIncomeForeignCurrencyTransactionAndTranslationAdjustmentNetOfTaxPeriodIncreaseDecrease,60000000.000,,,,45000000.000,,,,,,,,,,,,,,,,,,,,,
OtherComprehensiveIncomeLossAmortizationAdjustmentFromAOCIPensionAndOtherPostretirementBenefitPlansForNetPriorServiceCostCreditNetOfTax,,,,,,,,,,,4000000.000,,6000000.000,5000000.000,5000000.000,5000000.000,10000000.000,9000000.000,10000000.000,9000000.000,-14000000.000,-13000000.000,-15000000.000,-15000000.000,-28000000.000,-29000000.000
OtherComprehensiveIncomeLossAmortizationAdjustmentFromAOCIPensionAndOtherPostretirementBenefitPlansForNetPriorServiceCostCreditTax,,,,,,,,,,,3000000.000,,3000000.000,3000000.000,3000000.000,3000000.000,5000000.000,6000000.000,5000000.000,6000000.000,-7000000.000,-8000000.000,-8000000.000,-8000000.000,-16000000.000,-15000000.000
OtherComprehensiveIncomeLossAmortizationPensionAndOtherPostretirementBenefitPlansNetPriorServiceCostRecognizedInNetPeriodicPensionCostNetOfTax,,,,,,,,,-3000000.000,-2000000.000,,,,,,,,,,,,,,,,
OtherComprehensiveIncomeLossAvailableForSaleSecuritiesAdjustmentNetOfTax,,,,,,,,,,,,,2000000.000,1000000.000,-1000000.000,,1000000.000,3000000.000,1000000.000,3000000.000,-2000000.000,1000000.000,2000000.000,-3000000.000,1000000.000,-1000000.000
OtherComprehensiveIncomeLossBeforeReclassificationsNetOfTax,,,,,,,,,,,179000000.000,,628000000.000,60000000.000,-161000000.000,-5405000000.000,-178000000.000,103000000.000,-134000000.000,158000000.000,-241000000.000,-97000000.000,6000000.000,-1102000000.000,88000000.000,61000000.000
OtherComprehensiveIncomeLossDerivativesQualifyingAsHedgesNetOfTax,,,,,,,,,-24000000.000,-68000000.000,25000000.000,-25000000.000,-6000000.000,32000000.000,-92000000.000,-64000000.000,-79000000.000,41000000.000,-49000000.000,26000000.000,81000000.000,3000000.000,28000000.000,-42000000.000,68000000.000,37000000.000
OtherComprehensiveIncomeLossForeignCurrencyTransactionAndTranslationAdjustmentNetOfTax,,,,,,,,,-23000000.000,-65000000.000,42000000.000,-18000000.000,17000000.000,21000000.000,-72000000.000,-63000000.000,-88000000.000,44000000.000,-35000000.000,-13000000.000,23000000.000,-16000000.000,-10000000.000,-101000000.000,34000000.000,43000000.000
OtherComprehensiveIncomeLossNetOfTax,,,,,,,,,,,607000000.000,,1011000000.000,224000000.000,6000000.000,-5250000000.000,88000000.000,395000000.000,157000000.000,515000000.000,-90000000.000,43000000.000,137000000.000,-965000000.000,208000000.000,181000000.000
OtherComprehensiveIncomeLossNetOfTaxPortionAttributableToParent,,,,,,,,,375000000.000,247000000.000,607000000.000,6293000000.000,1011000000.000,224000000.000,6000000.000,-5250000000.000,88000000.000,395000000.000,157000000.000,515000000.000,-90000000.000,43000000.000,137000000.000,-965000000.000,208000000.000,181000000.000
OtherComprehensiveIncomeLossPensionAndOtherPostretirementBenefitPlansAdjustmentNetOfTax,,,,,,,,,-422000000.000,-380000000.000,-540000000.000,-6336000000.000,-998000000.000,-170000000.000,-171000000.000,5121000000.000,-254000000.000,-307000000.000,-240000000.000,-499000000.000,192000000.000,-55000000.000,-117000000.000,819000000.000,-105000000.000,-102000000.000
OtherComprehensiveIncomeLossPensionAndOtherPostretirementBenefitPlansBenefitPlanImprovementTaxEffect,,,,,,,,,,,,,,0.000,,,,,,,,,,,,
OtherComprehensiveIncomeLossReclassificationAdjustmentFromAOCIOnDerivativesNetOfTax,,,,,,,,,,,10000000.000,,-5000000.000,4000000.000,3000000.000,-9000000.000,-12000000.000,-16000000.000,-24000000.000,-27000000.000,-23000000.000,-20000000.000,-15000000.000,-20000000.000,-16000000.000,-18000000.000
OtherComprehensiveIncomeLossReclassificationAdjustmentFromAOCIOnDerivativesTax,,,,,,,,,,,5000000.000,,-3000000.000,3000000.000,1000000.000,-5000000.000,-6000000.000,-10000000.000,-12000000.000,-15000000.000,-12000000.000,-12000000.000,-8000000.000,-11000000.000,-9000000.000,-10000000.000
OtherComprehensiveIncomeLossReclassificationAdjustmentFromAOCIPensionAndOtherPostretirementBenefitPlansForNetGainLossNetOfTax,,,,,,,,,,,-380000000.000,,-169000000.000,-164000000.000,-165000000.000,-163000000.000,-244000000.000,-264000000.000,-257000000.000,-273000000.000,-131000000.000,-130000000.000,-131000000.000,-132000000.000,-132000000.000,-131000000.000
OtherComprehensiveIncomeLossReclassificationAdjustmentFromAOCIPensionAndOtherPostretirementBenefitPlansForNetGainLossTax,,,,,,,,,,,213000000.000,,-94000000.000,-91000000.000,-90000000.000,-92000000.000,-137000000.000,-145000000.000,-143000000.000,-145000000.000,-72000000.000,-73000000.000,-72000000.000,-71000000.000,-72000000.000,-73000000.000
OtherComprehensiveIncomeLossReclassificationAdjustmentOnDerivativesIncludedInNetIncomeNetOfTax,,,,,,,,,2000000.000,-5000000.000,,,,,,,,,,,,,,,,
OtherComprehensiveIncomeLossReclassificationAdjustmentOnDerivativesIncludedInNetIncomeTax,,,,,,,,,1000000.000,-4000000.000,,,,,,,,,,,,,,,,
OtherComprehensiveIncomeLossReclassificationPensionAndOtherPostretirementBenefitPlansNetGainLossRecognizedInNetPeriodicBenefitCostTax,,,,,,,,,215000000.000,216000000.000,,,,,,,,,,,,,,,,
OtherComprehensiveIncomeLossTax,,,,,,,,,224000000.000,,,,554000000.000,,,,98000000.000,,,,-63000000.000,,,,94000000.000,
OtherComprehensiveIncomeReclassificationAdjustmentForSaleOfSecuritiesIncludedInNetIncomeNetOfTax,-1000000.000,,,,,,,,,,,,,,,,,,,,,,,,,
OtherComprehensiveIncomeReclassificationOfDefinedBenefitPlansNetGainLossRecognizedInNetPeriodicBenefitCostNetOfTax,,,,,,,,,378000000.000,377000000.000,,,,,,,,,,,,,,,,
OtherComprehensiveIncomeUnrealizedGainLossOnDerivativesArisingDuringPeriodNetOfTax,27000000.000,,,,18000000.000,,,,-26000000.000,-63000000.000,35000000.000,-21000000.000,-11000000.000,36000000.000,-89000000.000,-73000000.000,-91000000.000,25000000.000,-73000000.000,-1000000.000,58000000.000,-17000000.000,13000000.000,-62000000.000,52000000.000,19000000.000
OtherComprehensiveIncomeUnrealizedGainLossOnDerivativesArisingDuringPeriodTax,-16000000.000,,,,-11000000.000,,,,-15000000.000,-36000000.000,20000000.000,-11000000.000,-6000000.000,20000000.000,-50000000.000,-41000000.000,-51000000.000,14000000.000,-41000000.000,1000000.000,32000000.000,-9000000.000,7000000.000,-34000000.000,28000000.000,11000000.000
OtherComprehensiveIncomeUnrealizedHoldingGainLossOnSecuritiesArisingDuringPeriodNetOfTax,-2000000.000,,,,,,,,,,,,,,,,,,,,,,,,,
OtherComprehensiveIncomeUnrealizedHoldingGainLossOnSecuritiesArisingDuringPeriodTax,1000000.000,,,,,,,,,,,,1000000.000,1000000.000,-1000000.000,,1000000.000,2000000.000,2000000.000,-10000000.000,1000000.000,0.000,-2000000.000,2000000.000,-1000000.000,1000000.000
OtherNoncashIncomeExpense,,,,,-150000000.000,,,,-53000000.000,,,,-47000000.000,,,,-76000000.000,,,,-84000000.000,,,,-52000000.000,
OtherNonoperatingIncomeExpense,13000000.000,14000000.000,49000000.000,-29000000.000,12000000.000,10000000.000,17000000.000,23000000.000,9000000.000,13000000.000,19000000.000,15000000.000,9000000.000,11000000.000,-9000000.000,-14000000.000,-12000000.000,15000000.000,-26000000.000,10000000.000,26000000.000,13000000.000,2000000.000,-1000000.000,22000000.000,27000000.000
PaymentsForProceedsFromOtherInvestingActivities,,,,,,,,,,,,,,,,,-8000000.000,,,,-10000000.000,,,,3000000.000,
PaymentsForRepurchaseOfCommonStock,,,,,,,,,,,,,2500000000.000,,,,2500000000.000,,,,3501000000.000,,,,2500000000.000,
PaymentsOfDividendsCommonStock,309000000.000,,,,328000000.000,,,,367000000.000,,,,540000000.000,,,,639000000.000,,,,717000000.000,,,,868000000.000,
PaymentsRelatedToTaxWithholdingForShareBasedCompensation,,,,,64000000.000,,,,52000000.000,,,,84000000.000,,,,87000000.000,,,,76000000.000,,,,107000000.000,
PaymentsToAcquireBusinessesNetOfCashAcquired,16000000.000,,,,,,,,26000000.000,,,,,,,,,,,,,,,,,
PaymentsToAcquireInvestments,1644000000.000,,,,3718000000.000,,,,2955000000.000,,,,2737000000.000,,,,807000000.000,,,,204000000.000,,,,605000000.000,
PaymentsToAcquirePropertyPlantAndEquipment,417000000.000,,,,424000000.000,,,,521000000.000,,,,497000000.000,,,,574000000.000,,,,748000000.000,,,,466000000.000,
PaymentsToMinorityShareholders,,,,,,,,,,,,,12000000.000,,,,,,,,,,,,,
ProceedsFromContributionInAidOfConstruction,69000000.000,,,,,,,,,,,,,,,,,,,,,,,,,
ProceedsFromIssuanceOfDebt,,,,,20000000.000,,,,15000000.000,,,,51000000.000,,,,761000000.000,,,,115000000.000,,,,872000000.000,
ProceedsFromSaleMaturityAndCollectionsOfInvestments,4701000000.000,,,,1135000000.000,,,,2655000000.000,,,,3625000000.000,,,,1159000000.000,,,,493000000.000,,,,803000000.000,
ProceedsFromSaleOfPropertyPlantAndEquipment,14000000.000,,,,4000000.000,,,,33000000.000,,,,15000000.000,,,,,,,,11000000.000,,,,9000000.000,
ProceedsFromStockOptionsExercised,24000000.000,,,,28000000.000,,,,76000000.000,,,,109000000.000,,,,231000000.000,,,,42000000.000,,,,174000000.000,
ProductWarrantyAccrualPayments,54000000.000,,,,66000000.000,,,,129000000.000,,,,106000000.000,,,,91000000.000,,,,79000000.000,,,,74000000.000,
ProductWarrantyAccrualPreexistingIncreaseDecrease,-22000000.000,,,,-6000000.000,,,,1000000.000,,,,47000000.000,,,,-17000000.000,,,,-25000000.000,,,,-65000000.000,
ProductWarrantyAccrualWarrantiesIssued,36000000.000,,,,,,,,,,,,138000000.000,,,,116000000.000,,,,92000000.000,,,,70000000.000,
ProfitLoss,585000000.000,,,,923000000.000,,,,1108000000.000,,,,968000000.000,,,,1335000000.000,,,,1220000000.000,,,,1451000000.000,
ProvisionForLoanAndLeaseLosses,,,,,,,,,-3000000.000,,,,-23000000.000,,,,-2000000.000,,,,-2000000.000,,,,7000000.000,
ReclassificationFromAccumulatedOtherComprehensiveIncomeCurrentPeriodNetOfTax,,,,,,,,,,,-428000000.000,,-383000000.000,-164000000.000,-167000000.000,-155000000.000,-266000000.000,-292000000.000,-291000000.000,-357000000.000,-151000000.000,-140000000.000,-131000000.000,-137000000.000,-120000000.000,-120000000.000
RepaymentsOfDebt,,,,,811000000.000,,,,1262000000.000,,,,757000000.000,,,,813000000.000,,,,128000000.000,,,,34000000.000,
RepaymentsOfOtherDebt,392000000.000,,,,72000000.000,,,,138000000.000,,,,3000000.000,,,,,,,,,,,,,
ResearchAndDevelopmentExpense,1057000000.000,1047000000.000,901000000.000,913000000.000,835000000.000,857000000.000,853000000.000,753000000.000,705000000.000,763000000.000,755000000.000,848000000.000,809000000.000,733000000.000,750000000.000,755000000.000,769000000.000,800000000.000,857000000.000,905000000.000,917000000.000,2127000000.000,857000000.000,726000000.000,838000000.000,813000000.000
Revenues,14910000000.000,16543000000.000,17727000000.000,19555000000.000,19383000000.000,20005000000.000,20008000000.000,22302000000.000,18893000000.000,21815000000.000,22130000000.000,23785000000.000,20465000000.000,22045000000.000,23784000000.000,24468000000.000,22149000000.000,24543000000.000,25849000000.000,23573000000.000,22632000000.000,24755000000.000,23898000000.000,23286000000.000,20976000000.000,22739000000.000
RevenuesFromTransactionsWithOtherOperatingSegmentsOfSameEntity,,197000000.000,219000000.000,,140000000.000,231000000.000,291000000.000,602000000.000,204000000.000,376000000.000,,,,,,,,,,,,,,,,
SalesRevenueGoodsNet,11894000000.000,13640000000.000,14907000000.000,16960000000.000,16685000000.000,17341000000.000,17415000000.000,19793000000.000,16318000000.000,19238000000.000,19754000000.000,21482000000.000,18015000000.000,19527000000.000,21378000000.000,21768000000.000,19485000000.000,21923000000.000,23000000000.000,20847000000.000,19885000000.000,22184000000.000,21494000000.000,20836000000.000,18512000000.000,20147000000.000
SalesRevenueNet,14910000000.000,16543000000.000,17727000000.000,19555000000.000,19383000000.000,20005000000.000,20008000000.000,22302000000.000,18893000000.000,21815000000.000,22130000000.000,23785000000.000,20465000000.000,22045000000.000,23784000000.000,24468000000.000,22149000000.000,24543000000.000,25849000000.000,23573000000.000,22632000000.000,24755000000.000,23898000000.000,23286000000.000,20976000000.000,22739000000.000
SalesRevenueServicesNet,3016000000.000,2903000000.000,2820000000.000,2595000000.000,2698000000.000,2664000000.000,2593000000.000,2509000000.000,2575000000.000,2577000000.000,2376000000.000,2303000000.000,2450000000.000,2518000000.000,2406000000.000,2700000000.000,2664000000.000,2620000000.000,2849000000.000,2726000000.000,2747000000.000,2571000000.000,2404000000.000,2450000000.000,2464000000.000,2592000000.000
SegmentReportingInformationIntersegmentRevenue,205000000.000,,,,,,,,,,,,,,,,,,,,,,,,,
ShareBasedCompensation,51000000.000,,,,50000000.000,,,,58000000.000,,,,52000000.000,,,,50000000.000,,,,51000000.000,,,,50000000.000,
ShareBasedCompensationArrangementByShareBasedPaymentAwardFairValueAssumptionsExpectedDividendRate,0.023,,,,,,,,,,,,,,,,,,,,,,,,,
ShareBasedCompensationArrangementByShareBasedPaymentAwardFairValueAssumptionsExpectedTerm,6.000,,,,,,,,,,,,,,,,,,,,,,,,,
ShareBasedCompensationArrangementByShareBasedPaymentAwardFairValueAssumptionsExpectedVolatilityRate,0.298,,,,,,,,,,,,,,,,,,,,,,,,,
ShareBasedCompensationArrangementByShareBasedPaymentAwardFairValueAssumptionsRiskFreeInterestRate,0.025,,,,,,,,,,,,,,,,,,,,,,,,,
ShareBasedCompensationArrangementByShareBasedPaymentAwardOptionsGrantsInPeriodWeightedAverageGrantDateFairValue,17.960,,,,,,,,,,,,,,,,,,,,,,,,,
StockIssuedDuringPeriodValueEmployeeBenefitPlan,,,,,122000000.000,,,,,,,,,,,,,,,,,,,,,
StockIssuedDuringPeriodValueRestrictedStockAwardNetOfForfeitures,,,,,,,,,-42000000.000,,,,-68000000.000,,,,-73000000.000,,,,-60000000.000,,,,-102000000.000,
StockIssuedDuringPeriodValueStockOptionsExercised,26000000.000,,,,29000000.000,,,,81000000.000,,,,114000000.000,,,,231000000.000,,,,42000000.000,,,,173000000.000,
TaxAdjustmentsSettlementsAndUnusualProvisions,,,,,,,,,145000000.000,,,,,,,,,,,,,,,,,
TreasuryStockValueAcquiredCostMethod,,,,,,,,,,,,,2500000000.000,,,,2500000000.000,,,,3501000000.000,,,,2500000000.000,
UndistributedEarningsAllocatedToParticipatingSecurities,,,,,,,,,3000000.000,1000000.000,2000000.000,1000000.000,2000000.000,1000000.000,2000000.000,,,,,,,,,,,
UndistributedEarningsLossAllocatedToParticipatingSecuritiesBasic,,,,,,,,,,,,,,,,,2000000.000,,3000000.000,,2000000.000,,3000000.000,,2000000.000,
WeightedAverageNumberDilutedSharesOutstandingAdjustment,6100000.000,7100000.000,5900000.000,-12600000.000,7100000.000,6100000.000,5700000.000,-13100000.000,5400000.000,8500000.000,9700000.000,-14900000.000,9100000.000,9000000.000,9100000.000,-18100000.000,8500000.000,7700000.000,7700000.000,-15800000.000,6200000.000,,7200000.000,,6800000.000,7100000.000
WeightedAverageNumberOfDilutedSharesOutstanding,749000000.000,752600000.000,753900000.000,-1502400000.000,759600000.000,762000000.000,765200000.000,-1525300000.000,766600000.000,769900000.000,767300000.000,-1536200000.000,752500000.000,738800000.000,730600000.000,-1485200000.000,713100000.000,697800000.000,687800000.000,-1403700000.000,664800000.000,635300000.000,631800000.000,-1289100000.000,620400000.000,608900000.000
WeightedAverageNumberOfShareOutstandingBasicAndDiluted,,,,,,,,,763300000.000,763300000.000,759400000.000,-1525200000.000,745000000.000,731100000.000,722800000.000,-1470000000.000,705700000.000,691200000.000,681300000.000,-1390200000.000,659600000.000,636300000.000,625500000.000,-1284900000.000,614400000.000,602500000.000
WeightedAverageNumberOfSharesContingentlyIssuable,,,,,,,,,2100000.000,1900000.000,,,,,,,,,,,,,,,,
WeightedAverageNumberOfSharesOutstandingBasic,742900000.000,745500000.000,748000000.000,-1489800000.000,752500000.000,755900000.000,759500000.000,-1512200000.000,761200000.000,761400000.000,757600000.000,-1521300000.000,743400000.000,729800000.000,721500000.000,-1467100000.000,704600000.000,690100000.000,680100000.000,-1387900000.000,658600000.000,635300000.000,624600000.000,-1283000000.000,613600000.000,601800000.000
