,2011-06-30,2011-09-30,2012-03-31,2012-06-30,2012-09-30,2012-12-31,2013-03-31,2013-06-30,2013-09-30
AcquisitionCosts,,,,,0.000,,,,
AdjustmentsToAdditionalPaidInCapitalSharebasedCompensationRequisiteServicePeriodRecognitionValue,,,,,,,1199000.000,,
AmortizationOfAcquisitionCosts,3859000.000,,,,,,,,
AmortizationOfFinancingCosts,,,4277000.000,,,,,,
AntidilutiveSecuritiesExcludedFromComputationOfEarningsPerShareAmount,,,,1100000.000,1.000,,1.000,,1.000
AssetRetirementObligationAccretionExpense,,,1307000.000,,,,1114000.000,,
CargoAndFreightRevenue,23855000.000,12283000.000,22222000.000,17730000.000,23469000.000,17755000.000,17372000.000,9626000.000,6824000.000
CashAndCashEquivalentsPeriodIncreaseDecrease,,,-30326000.000,,,,-29501000.000,,
CoalProductsAndServicesRevenue,328182000.000,291575000.000,279763000.000,259628000.000,264633000.000,214409000.000,175933000.000,150525000.000,143338000.000
ComprehensiveIncomeNetOfTax,,,-14437000.000,-24542000.000,-19330000.000,-88655000.000,-40560000.000,54185000.000,-23956000.000
CostOfCoalProductsAndServices,264108000.000,245240000.000,236889000.000,224314000.000,244365000.000,206113000.000,163383000.000,142572000.000,138897000.000
CostOfRevenue,316173000.000,288757000.000,289231000.000,274558000.000,303352000.000,257495000.000,209292000.000,181866000.000,174241000.000
DefinedBenefitPlanActuarialGainLoss,,,,-835000.000,-836000.000,,-1019000.000,-1019000.000,-1019000.000
DefinedBenefitPlanExpectedReturnOnPlanAssets,,,,1049000.000,1049000.000,,1167000.000,1167000.000,1167000.000
DefinedBenefitPlanInterestCost,,,,886000.000,885000.000,,912000.000,912000.000,912000.000
DefinedBenefitPlanNetPeriodicBenefitCost,,,,672000.000,672000.000,,764000.000,764000.000,764000.000
DepreciationAndAmortization,,,30120000.000,,,,28537000.000,,
DepreciationDepletionAndAmortization,28210000.000,31234000.000,30120000.000,32514000.000,35518000.000,33627000.000,28537000.000,29668000.000,28520000.000
EarningsPerShareBasic,0.020,-0.110,-0.450,-0.740,-0.590,-2.210,-1.210,1.460,-0.730
EarningsPerShareDiluted,0.020,-0.110,-0.450,-0.740,-0.590,-2.210,-1.210,1.160,-0.730
GainLossOnSaleOfPropertyPlantEquipment,,,-126000.000,,,,-11000.000,,
GainsLossesOnExtinguishmentOfDebt,,,,,,,,-101210000.000,-23889000.000
GrossProfit,35864000.000,15101000.000,12754000.000,2800000.000,-15250000.000,-25331000.000,-15987000.000,-21715000.000,-24079000.000
IncomeLossFromContinuingOperationsBeforeIncomeTaxesMinorityInterestAndIncomeLossFromEquityMethodInvestments,1156000.000,-14014000.000,-15640000.000,-25732000.000,-20527000.000,-76588000.000,-42183000.000,53670000.000,-25322000.000
IncomeTaxExpenseBenefit,367000.000,-10282000.000,19000.000,31000.000,25000.000,344000.000,-67000.000,1041000.000,190000.000
IncomeTaxReconciliationOtherAdjustments,,,,,0.000,,,,
IncreaseDecreaseInAccountsPayable,,,-31558000.000,,,,-16350000.000,,
IncreaseDecreaseInAccountsReceivable,,,-1063000.000,,,,10792000.000,,
IncreaseDecreaseInAccruedLiabilities,,,1930000.000,,,,4703000.000,,
IncreaseDecreaseInAccruedSalaries,,,-1970000.000,,,,1412000.000,,
IncreaseDecreaseInAccruedTaxesPayable,,,-416000.000,,,,1617000.000,,
IncreaseDecreaseInAssetRetirementObligations,,,-218000.000,,,,-88000.000,,
IncreaseDecreaseInInventories,,,-1940000.000,,,,-21678000.000,,
IncreaseDecreaseInOtherOperatingAssets,,,-947000.000,,,,1168000.000,,
IncreaseDecreaseInOtherOperatingLiabilities,,,-79000.000,,,,-1000.000,,
IncreaseDecreaseInPensionAndPostretirementObligations,,,151000.000,,,,-488000.000,,
IncreaseDecreaseInPrepaidDeferredExpenseAndOtherAssets,,,4269000.000,,,,2355000.000,,
IncreaseDecreaseInRestrictedCash,,,-69000.000,,,,-123000.000,,
IncreaseDecreaseInWorkersCompensationLiabilities,,,1442000.000,,,,588000.000,,
IncrementalCommonSharesAttributableToCallOptionsAndWarrants,,,,,,,,1.000,0.000
InterestAndDebtExpense,740000.000,,,,,,,,
InterestExpense,15607000.000,13215000.000,13385000.000,-13527000.000,-13200000.000,-39324000.000,-12510000.000,-12372000.000,-12058000.000
InterestPaid,,,,14700000.000,4300000.000,,3200000.000,14600000.000,900000.000
InvestmentIncomeInterest,128000.000,173000.000,214000.000,-171000.000,-217000.000,-625000.000,-178000.000,-107000.000,-88000.000
LineOfCreditFacilityPeriodicPaymentPrincipal,,,,,,,0.000,,
NetCashProvidedByUsedInInvestingActivities,,,-22359000.000,,,,-7689000.000,,
NetCashProvidedByUsedInInvestingActivitiesContinuingOperations,,,-22359000.000,,,,-7689000.000,,
NetCashProvidedByUsedInOperatingActivities,,,-7967000.000,,,,-21812000.000,,
NetCashProvidedByUsedInOperatingActivitiesContinuingOperations,,,-7967000.000,,,,-21812000.000,,
NetIncomeLoss,789000.000,-3732000.000,-15659000.000,-25763000.000,-20552000.000,-76932000.000,-42116000.000,52629000.000,-25512000.000
NetIncomeLossAttributableToParentDiluted,,,,,,,-42116000.000,,
NetIncomeLossAvailableToCommonStockholdersBasic,,,,-25763000.000,-20552000.000,,-42116000.000,51146000.000,-25512000.000
NetIncomeLossAvailableToCommonStockholdersDiluted,,,,-25763000.000,-20552000.000,,-42116000.000,54372000.000,-25512000.000
NonoperatingIncomeExpense,-16038000.000,-12771000.000,-12828000.000,13266000.000,-9395000.000,36003000.000,12229000.000,-89075000.000,-12017000.000
OperatingIncomeLoss,17194000.000,-1243000.000,-2812000.000,-12466000.000,-29922000.000,-66241000.000,-29954000.000,-35405000.000,-37339000.000
OtherComprehensiveIncomeAmortizationOfDefinedBenefitPlanNetPriorServiceCostRecognizedInNetPeriodicPensionCostNetOfTax,,,836000.000,,,,,,
OtherComprehensiveIncomeAmortizationOfDefinedBenefitPlanNetPriorServiceCostRecognizedInNetPeriodicPensionCostTax,,,,835000.000,836000.000,,1019000.000,,
OtherComprehensiveIncomeLossNetOfTax,,,,,,,1556000.000,,
OtherComprehensiveIncomeLossReclassificationAdjustmentFromAOCIPensionAndOtherPostretirementBenefitPlansBeforeTax,,,,,,,,1019000.000,1019000.000
OtherComprehensiveIncomeLossTax,,,,,,,1556000.000,1556000.000,1556000.000
OtherComprehensiveIncomeOtherNetOfTax,,,1222000.000,1221000.000,1222000.000,-11723000.000,1556000.000,,
OtherNonoperatingIncomeExpense,181000.000,271000.000,343000.000,-90000.000,-147000.000,260000.000,-103000.000,-130000.000,-98000.000
PaymentsToAcquirePropertyPlantAndEquipment,,,22885000.000,,,,7700000.000,,
ProceedsFromSaleOfPropertyPlantAndEquipment,,,526000.000,,,,11000.000,,
RestrictedStockExpense,,,,1283000.000,1055000.000,,1142000.000,1128000.000,988000.000
Revenues,352037000.000,303858000.000,301985000.000,277358000.000,288102000.000,232164000.000,193305000.000,160151000.000,150162000.000
SalesRevenueNet,352037000.000,303858000.000,301985000.000,277358000.000,288102000.000,232164000.000,193305000.000,160151000.000,150162000.000
SellingGeneralAndAdministrativeExpense,14811000.000,16344000.000,15566000.000,15266000.000,14672000.000,14418000.000,13967000.000,13690000.000,13260000.000
ShareBasedCompensation,,,1348000.000,1348000.000,1112000.000,1411000.000,1199000.000,1179000.000,1028000.000
ShippingHandlingAndTransportationCosts,23855000.000,12283000.000,22222000.000,17730000.000,23469000.000,17755000.000,17372000.000,9626000.000,6824000.000
StockOptionPlanExpense,,,,65000.000,57000.000,,57000.000,51000.000,40000.000
WeightedAverageNumberOfDilutedSharesOutstanding,,,,,34885.000,,34887.000,46823.000,35097000.000
WeightedAverageNumberOfShareOutstandingBasicAndDiluted,,,,34771000.000,,,,,
WeightedAverageNumberOfSharesOutstandingBasic,,,,34771000.000,34885.000,,34887.000,34972.000,35097000.000
