,2013-04-30,2013-07-31,2013-10-31,2014-01-31,2014-04-30,2014-07-31,2014-10-31,2015-01-31,2015-04-30
AllocatedShareBasedCompensationExpense,584000.000,1050000.000,1416000.000,1401000.000,1556000.000,1343000.000,1643000.000,1831000.000,1563000.000
AmortizationOfFinancingCosts,462000.000,,,,,,,,
AmortizationOfIntangibleAssets,,,,,100000.000,100000.000,100000.000,200000.000,100000.000
AntidilutiveSecuritiesExcludedFromComputationOfEarningsPerShareAmount,2010452.000,2071680.000,2076418.000,-4423945.000,2428729.000,,,,2892669.000
CapitalExpendituresIncurredButNotYetPaid,134000.000,,,,304000.000,,,,340000.000
CashAndCashEquivalentsPeriodIncreaseDecrease,86038000.000,,,,-3160000.000,,,,-611000.000
ComprehensiveIncomeNetOfTax,-5799000.000,-2297000.000,-5749000.000,-6285000.000,-8425000.000,-8962000.000,-7558000.000,-9263000.000,-6927000.000
ConversionOfStockAmountConverted1,68410000.000,,,,,,,,
CostOfGoodsSold,1684000.000,1800000.000,1997000.000,2086000.000,2396000.000,2840000.000,3025000.000,3194000.000,2977000.000
CostOfRevenue,3557000.000,4136000.000,4574000.000,4405000.000,5167000.000,5793000.000,5981000.000,6622000.000,7010000.000
CostOfServices,1873000.000,2336000.000,2577000.000,2319000.000,2771000.000,2953000.000,2956000.000,3428000.000,4033000.000
Depreciation,,,,,600000.000,600000.000,700000.000,600000.000,600000.000
DepreciationDepletionAndAmortization,638000.000,700000.000,700000.000,648000.000,724000.000,,,,762000.000
EarningsPerShareBasicAndDiluted,-0.980,-0.090,-0.240,0.300,-0.340,-0.360,-0.290,-0.360,-0.270
EmployeeServiceShareBasedCompensationTaxBenefitFromCompensationExpense,0.000,,,,,,,,
EmployeeServiceShareBasedCompensationTaxBenefitRealizedFromExerciseOfStockOptions,0.000,,,,0.000,,,,
EntityWideDisclosureOnGeographicAreasRevenueFromExternalCustomersAttributedToEntitysCountryOfDomicile,13833000.000,,,,,,,,
EntityWideDisclosureOnGeographicAreasRevenueFromExternalCustomersAttributedToForeignCountries,2216000.000,,,,,,,,
GeneralAndAdministrativeExpense,3854000.000,3782000.000,4008000.000,5064000.000,5188000.000,4974000.000,4389000.000,5186000.000,5164000.000
GrossProfit,12492000.000,15659000.000,14305000.000,15201000.000,14264000.000,15719000.000,16028000.000,17929000.000,17441000.000
ImpairmentOfIntangibleAssetsFinitelived,,,,,,,,,0.000
IncomeLossFromContinuingOperationsBeforeIncomeTaxesExtraordinaryItemsNoncontrollingInterest,-5744000.000,-2229000.000,-5747000.000,-6238000.000,-8363000.000,-8621000.000,-7265000.000,-8823000.000,-7061000.000
IncomeTaxExpenseBenefit,46000.000,49000.000,39000.000,39000.000,118000.000,286000.000,126000.000,162000.000,-135000.000
IncomeTaxesPaidNet,12000.000,,,,44000.000,,,,92000.000
IncreaseDecreaseInAccountsPayableAndAccruedLiabilities,370000.000,,,,-1183000.000,,,,-1159000.000
IncreaseDecreaseInAccountsReceivable,-4575000.000,,,,-5742000.000,,,,-6972000.000
IncreaseDecreaseInDeferredLiabilities,-9000.000,,,,,,,,
IncreaseDecreaseInDeferredRevenue,1793000.000,,,,-1075000.000,,,,-484000.000
IncreaseDecreaseInOtherCurrentLiabilities,-192000.000,,,,815000.000,,,,748000.000
IncreaseDecreaseInOtherNoncurrentLiabilities,,,,,,,,,228000.000
IncreaseDecreaseInOtherOperatingAssets,61000.000,,,,-36000.000,,,,-155000.000
IncreaseDecreaseInOtherReceivables,-251000.000,,,,30000.000,,,,268000.000
IncreaseDecreaseInPrepaidDeferredExpenseAndOtherAssets,1264000.000,,,,867000.000,,,,405000.000
IncreaseDecreaseInRestrictedCash,,,,,,,,,-15000.000
InterestAndOtherIncome,13000.000,36000.000,42000.000,37000.000,39000.000,40000.000,37000.000,46000.000,52000.000
InterestExpense,462000.000,2000.000,,,,,,,
LeaseAndRentalExpense,500000.000,600000.000,600000.000,600000.000,700000.000,800000.000,900000.000,800000.000,1000000.000
LicensesRevenue,629000.000,2735000.000,1055000.000,1495000.000,639000.000,1361000.000,1040000.000,2364000.000,267000.000
NetCashProvidedByUsedInFinancingActivities,89680000.000,,,,246000.000,,,,280000.000
NetCashProvidedByUsedInFinancingActivitiesContinuingOperations,89680000.000,,,,246000.000,,,,280000.000
NetCashProvidedByUsedInInvestingActivities,-4999000.000,,,,-647000.000,,,,-2097000.000
NetCashProvidedByUsedInInvestingActivitiesContinuingOperations,-4999000.000,,,,-647000.000,,,,-2097000.000
NetCashProvidedByUsedInOperatingActivities,1357000.000,,,,-2759000.000,,,,1206000.000
NetCashProvidedByUsedInOperatingActivitiesContinuingOperations,1357000.000,,,,-2759000.000,,,,1206000.000
NetIncomeLoss,-5790000.000,-2278000.000,-5786000.000,-6277000.000,-8481000.000,-8907000.000,-7391000.000,-8985000.000,-6926000.000
NetIncomeLossAvailableToCommonStockholdersBasic,,,,,,,,,-6926000.000
OperatingExpenses,17768000.000,17918000.000,20007000.000,21455000.000,22584000.000,24310000.000,23219000.000,26861000.000,24470000.000
OperatingIncomeLoss,-5276000.000,-2259000.000,-5702000.000,-6254000.000,-8320000.000,-8591000.000,-7191000.000,-8932000.000,-7029000.000
OtherComprehensiveIncomeForeignCurrencyTransactionAndTranslationAdjustmentNetOfTaxPortionAttributableToParent,-9000.000,-19000.000,37000.000,-8000.000,56000.000,-55000.000,-167000.000,-278000.000,-1000.000
OtherNoncashIncomeExpense,,,,,-19000.000,,,,-5000.000
PaymentsOfStockIssuanceCosts,419000.000,,,,,,,,
PaymentsRelatedToTaxWithholdingForShareBasedCompensation,,,,,,,,,210000.000
PaymentsToAcquireBusinessesNetOfCashAcquired,2857000.000,,,,,,,,
PaymentsToAcquireInvestments,,,,,,,,,27958000.000
PaymentsToAcquirePropertyPlantAndEquipment,2142000.000,,,,648000.000,,,,365000.000
ProceedsFromIssuanceInitialPublicOffering,89838000.000,,,,,,,,
ProceedsFromMaturitiesPrepaymentsAndCallsOfLongtermInvestments,,,,,,,,,26225000.000
ProceedsFromSaleOfProductiveAssets,,,,,1000.000,,,,
ProceedsFromSaleOfPropertyPlantAndEquipment,,,,,,,,,1000.000
ProceedsFromStockOptionsExercised,261000.000,,,,246000.000,,,,470000.000
ProceedsFromWarrantExercises,,,,,,,,,20000.000
ReimbursementRevenue,200000.000,300000.000,300000.000,400000.000,300000.000,300000.000,300000.000,300000.000,500000.000
ResearchAndDevelopmentExpense,5079000.000,5051000.000,5167000.000,5515000.000,5986000.000,6495000.000,6838000.000,6478000.000,6314000.000
Revenues,16049000.000,19795000.000,18879000.000,19606000.000,19431000.000,21512000.000,22009000.000,24551000.000,24451000.000
SalesRevenueGoodsNet,14002000.000,16955000.000,15943000.000,16866000.000,16744000.000,18801000.000,18693000.000,20590000.000,19470000.000
SalesRevenueNet,16049000.000,19795000.000,18879000.000,19606000.000,19431000.000,21512000.000,22009000.000,24551000.000,24451000.000
SalesRevenueServicesNet,2047000.000,2840000.000,2936000.000,2740000.000,2687000.000,2711000.000,3316000.000,3961000.000,4981000.000
SellingAndMarketingExpense,8835000.000,9085000.000,10832000.000,10876000.000,11410000.000,12841000.000,11992000.000,15197000.000,12992000.000
ShareBasedCompensation,584000.000,,,,1556000.000,,,,1563000.000
StockIssued1,1293000.000,,,,,,,,
StraightLineRent,,,,,15000.000,,,,
WeightedAverageNumberOfShareOutstandingBasicAndDiluted,5904000.000,24014000.000,24398000.000,-34475000.000,24816000.000,25026000.000,25207000.000,-49956000.000,25538000.000
