,2014-03-31,2014-06-30,2014-09-30,2014-12-31,2015-03-31,2015-06-30,2015-09-30,2015-12-31,2016-03-31,2016-06-30,2016-09-30,2016-12-31,2017-03-31
AdjustmentsToAdditionalPaidInCapitalSharebasedCompensationRequisiteServicePeriodRecognitionValue,,,,,,,,,,,,,5036.000
AllocatedShareBasedCompensationExpense,,,,,,,,,,,38263.000,,
AllowanceForDoubtfulAccountsReceivableWriteOffs,0.000,0.000,,,,,,,,,,,
AllowanceForLoanAndLeaseLossRecoveryOfBadDebts,,,,,,,,,,,,,-40859.000
AmortizationOfIntangibleAssets,64644.000,64643.000,64643.000,64642.000,64643.000,64643.000,64643.000,42777.000,42777.000,42777.000,42777.000,42777.000,42777.000
AmortizationOfRegulatoryAsset,64643.000,64643.000,64643.000,64643.000,64643.000,64643.000,64643.000,42777.000,42777.000,42777.000,42777.000,42777.000,42777.000
AntidilutiveSecuritiesExcludedFromComputationOfEarningsPerShareAmount,1989.000,,,,,,,,,,175000.000,,
AvailableForSaleSecuritiesGrossUnrealizedGains,534.000,,,,9757.000,,,,3010.000,,,,156.000
AvailableForSaleSecuritiesGrossUnrealizedLoss,11408.000,,,,3168.000,,,,707.000,,,,
CashAndCashEquivalentsPeriodIncreaseDecrease,202175.000,,,,-119598.000,,,,-221669.000,,,,2012382.000
ConcentrationRiskPercentage1,,,,,,,,,0.100,,,,
CostOfGoodsSold,604323.000,141408.000,162145.000,267356.000,226341.000,341025.000,177952.000,205474.000,200028.000,276848.000,236700.000,369511.000,258721.000
CostOfRevenue,,,,,,,,,21714.000,47018.000,19418.000,50512.000,16177.000
DeferredRevenueRevenueRecognized,,,,,,291869.000,70282.000,,,,,,
DeferredRevenueRevenueRecognized1,,,,,,,,,99968.000,115685.000,84128.000,-258661.000,28202.000
Depreciation,22181.000,22180.000,23233.000,23232.000,15706.000,15938.000,15938.000,15707.000,13702.000,14650.000,65264.000,21437.000,17941.000
DepreciationDepletionAndAmortization,86825.000,,,,80349.000,,,,56479.000,,,,60718.000
DividendsPreferredStock,,15793.000,0.000,,,,,,,,,,
EarningsPerShareBasic,,,,,,,,,,,0.060,,
EarningsPerShareBasicAndDiluted,-0.140,-0.100,-0.230,-0.190,-0.260,-0.410,-0.450,-0.690,-0.280,-0.190,,,-0.190
EarningsPerShareDiluted,,,,,,,,,,,0.060,,
FiniteLivedIntangibleAssetsPeriodIncreaseDecrease,0.000,,,,,,,,,,,,
FinitelivedIntangibleAssetsAcquired1,0.000,,,,,,,,,,,,
ForeignCurrencyTransactionGainLossBeforeTax,2399.000,1497.000,-1022.000,-207.000,995.000,6965.000,2001.000,-2426.000,2256.000,2562.000,-3629.000,-4587.000,-10346.000
GainLossOnSaleOfEquityInvestments,,0.000,0.000,,,,,,,,,,
GainLossOnSaleOfSecuritiesNet,,,,,448.000,2436.000,5213.000,,,,,,
GeneralAndAdministrativeExpense,458680.000,1017047.000,826756.000,1481595.000,698434.000,882531.000,760336.000,1688214.000,923560.000,816244.000,558293.000,710714.000,790529.000
GrossProfit,569596.000,1211748.000,291168.000,1179430.000,283706.000,625897.000,-8479.000,263134.000,537995.000,679638.000,376498.000,283694.000,408529.000
ImpairmentOfLongLivedAssetsToBeDisposedOf,,,,,,,466476.000,,,,,,
IncomeLossFromContinuingOperationsBeforeIncomeTaxesExtraordinaryItemsNoncontrollingInterest,-595600.000,-494995.000,-1124320.000,-912252.000,-1321799.000,-2086229.000,-2326893.000,-3576992.000,-1508929.000,-1008932.000,310155.000,-1095832.000,-1349270.000
IncomeTaxExpenseBenefit,0.000,0.000,0.000,,,,,,,,,,
IncreaseDecreaseInAccountsPayableRelatedParties,-6586.000,,,,,,,,,,,,-138184.000
IncreaseDecreaseInAccountsPayableTrade,-390428.000,,,,87745.000,,,,-125558.000,,,,-200059.000
IncreaseDecreaseInAccountsReceivable,20197.000,,,,-20041.000,,,,172513.000,,,,-43351.000
IncreaseDecreaseInAccountsReceivableRelatedParties,266379.000,,,,,,,,,,,,-7458.000
IncreaseDecreaseInDeferredRevenue,-83333.000,,,,-83333.000,,,,,,,,
IncreaseDecreaseInInventories,-359996.000,,,,64786.000,,,,80504.000,,,,100878.000
IncreaseDecreaseInNotesReceivableRelatedParties,,,,,-43491.000,,,,,,,,
IncreaseDecreaseInOtherOperatingAssets,-118698.000,,,,20470.000,,,,,,,,
IncreaseDecreaseInOtherReceivables,30697.000,,,,-14985.000,,,,-46055.000,,,,-10692.000
IncreaseDecreaseInPrepaidExpense,,,,,,,,,-47661.000,,,,-69930.000
InsuranceInvestmentIncome,4669.000,0.000,0.000,0.000,,,,,,,,,
InterestAndDividendIncomeSecuritiesAvailableForSale,8493.000,,,,11316.000,,,,5061.000,,,,356.000
InterestIncomeRelatedParty,,,,,11997.000,22860.000,10878.000,,,,,,
InventoryWriteDown,,,,,,,,,2968.000,,24965.000,,
InvestmentIncomeInterestAndDividend,10697.000,19010.000,19469.000,20442.000,32048.000,-37122.000,-20478.000,-76904.000,-10285.000,-8432.000,-5264.000,2282.000,-2537.000
LeaseAndRentalExpense,40375.000,40290.000,40290.000,40290.000,40411.000,40290.000,40290.000,40290.000,40290.000,,,,40487.000
LicenseAndServicesRevenue,0.000,0.000,10000.000,0.000,15000.000,,,,,,,,
LicensesRevenue,83333.000,83333.000,83333.000,83334.000,83333.000,222222.000,,,,,,,
MarketableSecuritiesGainLoss,,,,,,,,,,1844.000,1269.000,,1051.000
MarketableSecuritiesUnrealizedGainLoss,,,,,,,,,8534.000,,,,
NetCashProvidedByUsedInFinancingActivities,13538860.000,,,,,,,,,,,,3697811.000
NetCashProvidedByUsedInFinancingActivitiesContinuingOperations,13538860.000,,,,,,,,,,,,3697811.000
NetCashProvidedByUsedInInvestingActivities,-12504315.000,,,,1122378.000,,,,1498186.000,,,,-123766.000
NetCashProvidedByUsedInInvestingActivitiesContinuingOperations,-12504315.000,,,,1122378.000,,,,1498186.000,,,,-123766.000
NetCashProvidedByUsedInOperatingActivities,-832370.000,,,,-1241975.000,,,,-1719855.000,,,,-1561663.000
NetCashProvidedByUsedInOperatingActivitiesContinuingOperations,-832370.000,,,,-1241975.000,,,,-1719855.000,,,,-1561663.000
NetIncomeLoss,-595600.000,,,,-1321799.000,-2086229.000,-2326893.000,-3576992.000,-1508929.000,-1008932.000,310155.000,-1095832.000,-1349270.000
NetIncomeLossAvailableToCommonStockholdersBasic,,-510788.000,-1124320.000,,,,,,,,,,1349270.000
NonoperatingIncomeExpense,17765.000,20507.000,18447.000,20235.000,38398.000,-30812.000,-18519.000,-90040.000,-8029.000,-5870.000,-8893.000,-2305.000,-12883.000
OperatingIncomeLoss,-613365.000,-515502.000,-1142767.000,-932487.000,-1360197.000,-2117041.000,-2345412.000,-3859580.000,-1516958.000,-1014802.000,301262.000,-1098137.000,-1362153.000
OperatingLeasesRentExpenseNet,130200.000,,,,,,,,,,,,
OtherComprehensiveIncomeLossAvailableForSaleSecuritiesAdjustmentBeforeReclassificationAdjustmentsNetOfTax,-10874.000,7325.000,-8004.000,-8571.000,26713.000,-3559.000,8539.000,-17800.000,8534.000,-2006.000,-2837.000,2540.000,156.000
OtherComprehensiveIncomeLossAvailableForSaleSecuritiesAdjustmentNetOfTax,-606474.000,-503463.000,-1132324.000,-920823.000,-1295086.000,-2089788.000,-2318354.000,-3594792.000,-1500395.000,-1010938.000,307318.000,-1093292.000,-1349114.000
OtherComprehensiveIncomeUnrealizedHoldingGainLossOnSecuritiesArisingDuringPeriodNetOfTax,-10874.000,7325.000,-8004.000,-8571.000,26713.000,-3559.000,8539.000,-17800.000,8534.000,-2006.000,-2837.000,2540.000,156.000
OtherNonoperatingIncome,,0.000,0.000,,5355.000,-655.000,-42.000,,,,,,
PaymentsForBrokerageFees,40037.000,,,,,,,,,,,,
PaymentsForLegalSettlements,15672.000,,,,,,,,,,,,
PaymentsOfStockIssuanceCosts,1897164.000,,,,,,,,,,,,
PaymentsToAcquireInterestInJointVenture,,,,,64675.000,,,,,,,,
PaymentsToAcquireMarketableSecurities,12508984.000,,,,27228.000,,,,19498.000,,,,1202210.000
PaymentsToAcquireProductiveAssets,,,,,,,,,,,,,16774.000
PaymentsToAcquirePropertyPlantAndEquipment,0.000,,,,44510.000,,,,83772.000,,,,16774.000
ProceedsFromInsuranceSettlementInvestingActivities,4669.000,,,,,,,,,,,,
ProceedsFromIssuanceInitialPublicOffering,13101336.000,,,,,,,,,,,,1700000.000
ProceedsFromIssuanceOfCommonStock,,,,,,,,,,,,,3452861.000
ProceedsFromIssuanceOfConvertiblePreferredStock,0.000,,,,,,,,,,,,
ProceedsFromIssuanceOfPrivatePlacement,745024.000,,,,,,,,,,,,1800000.000
ProceedsFromLicenseFeesReceived,450000.000,,,,,,,,,,,,
ProceedsFromSaleAndMaturityOfMarketableSecurities,,,,,1253436.000,1652886.000,1202311.000,1201858.000,1601456.000,900863.000,950514.000,550201.000,1095218.000
ProceedsFromSaleOfAvailableForSaleSecurities,,,,,1253436.000,,,,1601456.000,,,,1095218.000
ProceedsFromWarrantExercises,,,,,,,,,,,,,244950.000
ProvisionForDoubtfulAccounts,0.000,,,,,,,,,,,,42361.000
RelatedPartyTransactionSellingGeneralAndAdministrativeExpensesFromTransactionsWithRelatedParty,195002.000,0.000,0.000,0.000,,864000.000,,,,,117949.000,,
RepaymentsOfShortTermDebt,307500.000,,,,,,,,,,,,
ResearchAndDevelopmentExpense,253538.000,248951.000,183886.000,229933.000,305574.000,378225.000,319646.000,403450.000,363292.000,321989.000,247578.000,256009.000,348442.000
RevenueFromRelatedParties,766379.000,0.000,0.000,0.000,,,,,,,,,24063.000
Revenues,1173919.000,1353156.000,453313.000,1446786.000,510047.000,966922.000,169473.000,468608.000,738023.000,956486.000,613198.000,653205.000,667250.000
RoyaltyExpense,,,,,,,,,,,,,32279.000
SalesRevenueGoodsGross,324207.000,1269823.000,359980.000,1363452.000,411714.000,744700.000,169473.000,432095.000,738023.000,956486.000,613198.000,649075.000,643187.000
SalesRevenueGoodsNet,,,,,,,,,,,,,667250.000
SalesRevenueNet,1173919.000,1353156.000,453313.000,1446786.000,510047.000,966922.000,169473.000,468608.000,738023.000,956486.000,613198.000,653205.000,667250.000
SellingAndMarketingExpense,211098.000,396609.000,358650.000,335746.000,575252.000,553539.000,725832.000,688663.000,725324.000,513430.000,408248.000,336426.000,556655.000
ShareBasedCompensation,,,,,,,,,,,,,5036.000
ShareBasedCompensationArrangementByShareBasedPaymentAwardOptionsGrantsInPeriodGrantDateIntrinsicValue,,,,,4.240,,,,1.680,,,,1.800
ShareBasedCompensationArrangementsByShareBasedPaymentAwardOptionsGrantsInPeriodWeightedAverageExercisePrice,,,,,,,,,1.680,,,,
SharebasedCompensationArrangementBySharebasedPaymentAwardOptionsVestedInPeriodFairValue1,,,,,,,,,,0.000,0.000,,
ShippingHandlingAndTransportationCosts,8238.000,8999.000,8440.000,15037.000,18941.000,13836.000,10998.000,12762.000,16045.000,14387.000,12321.000,12175.000,18420.000
StockIssuedDuringPeriodValueIssuedForServices,,,,,,,,,-8241.000,,,,
StockIssuedDuringPeriodValueNewIssues,13101336.000,,,,,,,,,,,,1692044.000
StockOptionPlanExpense,,,,,,,,,,,,,5036.000
WeightedAverageNumberOfDilutedSharesOutstanding,,,,,,,,,,,5508545.000,,
WeightedAverageNumberOfShareOutstandingBasicAndDiluted,4197937.000,4894837.000,4924837.000,-9271927.000,5125837.000,5144837.000,5144837.000,-10274591.000,5425045.000,5427261.000,5508545.000,-10930646.000,6993574.000
WeightedAverageNumberOfSharesOutstandingBasic,,,,,,,,,,,5434212.000,,
