,2012-12-31,2013-03-31,2013-06-30,2013-09-30,2013-12-31,2014-03-31,2014-06-30,2014-09-30,2014-12-31
AllocatedShareBasedCompensationExpense,,1465000.000,701000.000,,1105000.000,1833000.000,1054000.000,1041000.000,1442000.000
AmortizationOfFinancingCosts,10000.000,,,,10000.000,,,,15000.000
AmortizationOfIntangibleAssets,681000.000,786000.000,797000.000,800000.000,840000.000,831000.000,830000.000,867000.000,906000.000
AntidilutiveSecuritiesExcludedFromComputationOfEarningsPerShareAmount,,0.000,0.000,,,,1000.000,,
BusinessAcquisitionProFormaEarningsPerShareDiluted,,,,,1.450,,,,
BusinessAcquisitionsProFormaNetIncomeLoss,,,,,18440000.000,,,,
BusinessAcquisitionsProFormaRevenue,,,,,737251000.000,,,,
BusinessCombinationProFormaInformationEarningsOrLossOfAcquireeSinceAcquisitionDateActual,,,,,,427000.000,,,
BusinessCombinationProFormaInformationRevenueOfAcquireeSinceAcquisitionDateActual,,,,,,120233000.000,,,
CapitalExpendituresIncurredButNotYetPaid,,,,,459000.000,,,,672000.000
CapitalLeaseObligationsIncurred,0.000,,,,,,,,
CashAndCashEquivalentsPeriodIncreaseDecrease,73000.000,,,,-450000.000,,,,-72000.000
ComprehensiveIncomeNetOfTax,16733000.000,11602000.000,16916000.000,,,,,,
ComprehensiveIncomeNetOfTaxIncludingPortionAttributableToNoncontrollingInterest,,,,,19825000.000,17416000.000,20952000.000,13158000.000,15819000.000
ContractsRevenue,,,,,,5891000.000,5961000.000,,4353000.000
CostOfGoodsSold,495919000.000,488435000.000,528932000.000,529861000.000,598171000.000,630212000.000,680973000.000,700369000.000,698832000.000
DeferredIncomeTaxExpenseBenefit,215000.000,,,,-496000.000,,,,-1179000.000
Depreciation,1717000.000,1732000.000,1753000.000,1772000.000,1974000.000,2080000.000,2160000.000,2275000.000,2206000.000
DepreciationAndAmortization,2392000.000,2513000.000,2545000.000,2566000.000,2809000.000,2906000.000,2984000.000,3137000.000,3108000.000
EarningsPerShareBasic,1.320,1.190,1.320,1.130,1.450,1.320,1.520,1.370,1.570
EarningsPerShareDiluted,1.320,1.190,1.320,1.120,1.450,1.320,1.520,1.360,1.570
EffectOfExchangeRateOnCashAndCashEquivalents,-42000.000,,,,154000.000,,,,-471000.000
EffectiveIncomeTaxRateContinuingOperations,0.383,0.379,0.369,-0.755,0.391,0.386,0.380,-0.768,0.385
ExcessTaxBenefitFromShareBasedCompensationFinancingActivities,137000.000,,,,65000.000,,,,39000.000
ExcessTaxBenefitFromShareBasedCompensationOperatingActivities,137000.000,,,,65000.000,,,,39000.000
FeesAndCommissions,4355000.000,5110000.000,4772000.000,4614000.000,3818000.000,,,,
FiniteLivedIntangibleAssetsFutureAmortizationExpense,36308000.000,,,,,,,,
FutureAmortizationExpenseAfterYearFive,22263000.000,,,,,,,,
FutureAmortizationExpenseYearFive,2715000.000,,,,,,,,
FutureAmortizationExpenseYearFour,2789000.000,,,,,,,,
FutureAmortizationExpenseYearOne,2477000.000,,,,,,,,
FutureAmortizationExpenseYearThree,2892000.000,,,,,,,,
FutureAmortizationExpenseYearTwo,3172000.000,,,,,,,,
GainLossOnSaleOfPropertyPlantEquipment,-8000.000,,,,41000.000,,,,68000.000
GoodwillOtherChanges,7000.000,,,,,,,,
GoodwillTranslationAdjustments,,,,,214000.000,,,,-987000.000
GrossProfit,76929000.000,74679000.000,77511000.000,75219000.000,89088000.000,91060000.000,97475000.000,93690000.000,99708000.000
IncomeLossFromEquityMethodInvestments,93000.000,85000.000,75000.000,84000.000,104000.000,82000.000,75000.000,81000.000,108000.000
IncomeTaxExpenseBenefit,10420000.000,9209000.000,9809000.000,8394000.000,11829000.000,10536000.000,11873000.000,11505000.000,12545000.000
IncomeTaxesPaid,697000.000,,,,704000.000,,,,558000.000
IncreaseDecreaseInAccountsPayable,5591000.000,,,,-61112000.000,,,,-52191000.000
IncreaseDecreaseInAccruedLiabilities,6419000.000,,,,9093000.000,,,,7405000.000
IncreaseDecreaseInInventories,19213000.000,,,,12137000.000,,,,-13086000.000
IncreaseDecreaseInPrepaidDeferredExpenseAndOtherAssets,-3269000.000,,,,-1306000.000,,,,-2339000.000
IncreaseDecreaseInReceivables,339000.000,,,,-30530000.000,,,,-20776000.000
InterestExpense,203000.000,223000.000,173000.000,115000.000,239000.000,356000.000,361000.000,230000.000,253000.000
InterestPaid,173000.000,,,,212000.000,,,,224000.000
NetCashProvidedByUsedInFinancingActivities,4695000.000,,,,90875000.000,,,,-8665000.000
NetCashProvidedByUsedInFinancingActivitiesContinuingOperations,4695000.000,,,,90875000.000,,,,-8665000.000
NetCashProvidedByUsedInInvestingActivities,-20149000.000,,,,-80806000.000,,,,-5581000.000
NetCashProvidedByUsedInInvestingActivitiesContinuingOperations,-20149000.000,,,,-80806000.000,,,,-5581000.000
NetCashProvidedByUsedInOperatingActivities,15569000.000,,,,-10673000.000,,,,14645000.000
NetCashProvidedByUsedInOperatingActivitiesContinuingOperations,15569000.000,,,,-10673000.000,,,,14645000.000
NonoperatingIncomeExpense,94000.000,71000.000,56000.000,137000.000,62000.000,-119000.000,-91000.000,93000.000,-112000.000
OperatingIncomeLoss,27077000.000,24238000.000,26534000.000,22474000.000,30206000.000,27431000.000,31329000.000,28794000.000,32712000.000
OtherComprehensiveIncomeForeignCurrencyTransactionAndTranslationGainLossArisingDuringPeriodNetOfTax,-18000.000,,,,,,,,
OtherComprehensiveIncomeLossForeignCurrencyTransactionAndTranslationAdjustmentBeforeTax,,-3498000.000,135000.000,,,,,,
OtherComprehensiveIncomeLossForeignCurrencyTransactionAndTranslationAdjustmentNetOfTax,,,,,1386000.000,640000.000,1587000.000,-3906000.000,-4236000.000
OtherNoncashIncomeExpense,12000.000,,,,-15000.000,,,,
OtherNonoperatingIncomeExpense,204000.000,209000.000,154000.000,168000.000,197000.000,155000.000,195000.000,242000.000,33000.000
PaymentsForProceedsFromOtherInvestingActivities,26000.000,,,,60000.000,,,,406000.000
PaymentsOfDebtIssuanceCosts,0.000,,,,,,,,
PaymentsRelatedToTaxWithholdingForShareBasedCompensation,,,,,54000.000,,,,74000.000
PaymentsToAcquireBusinessesNetOfCashAcquired,17006000.000,,,,77360000.000,,,,
PaymentsToAcquirePropertyPlantAndEquipment,3189000.000,,,,3468000.000,,,,5682000.000
PensionContributions,0.000,,,,,,,,
ProceedsFromBankDebt,140972000.000,,,,255934000.000,,,,226296000.000
ProceedsFromIssuanceOfCommonStock,159000.000,,,,190000.000,,,,235000.000
ProceedsFromSaleOfPropertyPlantAndEquipment,72000.000,,,,82000.000,,,,507000.000
ProceedsFromStockOptionsExercised,48000.000,,,,9000.000,,,,4000.000
ProfitLoss,16751000.000,15100000.000,16781000.000,14217000.000,18439000.000,16776000.000,19365000.000,17382000.000,20055000.000
RelatedPartyTransactionExpensesFromTransactionsWithRelatedParty,19006000.000,260000.000,240000.000,,,,,,
RelatedPartyTransactionRevenuesFromTransactionsWithRelatedParty,296000.000,,,,,,,,
RepaymentsOfBankDebt,136514000.000,,,,165228000.000,,,,235165000.000
RepaymentsOfLongTermDebtAndCapitalSecurities,107000.000,,,,41000.000,,,,
RestrictedStockExpense,678000.000,,,,1105000.000,,,,1442000.000
RevenueFromRelatedParties,19006000.000,16799000.000,15229000.000,17321000.000,20700000.000,16787000.000,14569000.000,16445000.000,21256000.000
Revenues,572848000.000,563114000.000,606443000.000,605080000.000,687259000.000,721272000.000,778448000.000,794059000.000,798540000.000
SalesRevenueGoodsNet,549487000.000,541205000.000,586442000.000,583145000.000,662741000.000,698594000.000,757918000.000,772770000.000,772931000.000
SalesRevenueNet,572848000.000,563114000.000,606443000.000,605080000.000,687259000.000,721272000.000,778448000.000,794059000.000,798540000.000
SellingGeneralAndAdministrativeExpense,47460000.000,47928000.000,48432000.000,50179000.000,56073000.000,60723000.000,63162000.000,61759000.000,63888000.000
ShareBasedCompensationArrangementByShareBasedPaymentAwardCompensationCost,727000.000,,,,,,,,
ShareBasedCompensationArrangementByShareBasedPaymentAwardMaximumNumberOfSharesPerEmployee,,,,,200.000,,,,200.000
ShareBasedCompensationArrangementByShareBasedPaymentAwardOptionsGrantsInPeriodGross,,,,,0.000,,,,0.000
ShareBasedCompensationArrangementByShareBasedPaymentAwardSharesIssuedInPeriod,2850.000,,,,,,,,
StockIssuedDuringPeriodSharesEmployeeStockPurchasePlans,1499.000,,,,,,,,
WeightedAverageNumberDilutedSharesOutstandingAdjustment,30000.000,,,,36000.000,36000.000,26000.000,-68000.000,24000.000
WeightedAverageNumberOfDilutedSharesOutstanding,12695000.000,12709000.000,12713000.000,-25408000.000,12743000.000,12748000.000,12744000.000,-25490000.000,12774000.000
WeightedAverageNumberOfSharesOutstandingBasic,12665000.000,12674000.000,12679000.000,-25343000.000,12707000.000,12712000.000,12718000.000,-25422000.000,12750000.000
