,2011-06-30,2011-09-30,2012-03-31,2012-06-30,2012-09-30,2012-12-31,2013-03-31,2013-06-30,2013-09-30,2013-12-31,2014-03-31,2014-06-30,2014-09-30,2014-12-31,2015-03-31,2015-06-30,2015-09-30,2015-12-31,2016-03-31
AllocatedShareBasedCompensationExpense,,,1212000.000,,,,1900000.000,,,,,,,,,,,,
AmortizationOfFinancingCosts,,,1283000.000,,,,1683000.000,,,,1922000.000,,,,1979000.000,,,,1709000.000
AmortizationOfIntangibleAssets,,,,,,,,,,,,,,,,,,,1567000.000
CapitalLeasesIncomeStatementLeaseRevenue,4224000.000,4061000.000,3698000.000,3552000.000,3339000.000,3192000.000,3098000.000,3152000.000,3868000.000,4610000.000,4953000.000,4724000.000,4441000.000,4237000.000,4024000.000,3887000.000,3807000.000,3474000.000,3107000.000
CashFlowHedgeLossReclassifiedToInterestExpense,,,,,,,783000.000,,,,,,,,,,,,
CommonStockDividendsPerShareCashPaid,0.500,0.520,0.550,0.580,0.600,0.620,0.640,0.660,0.680,0.700,0.720,0.720,0.720,0.720,0.720,0.720,0.720,0.450,0.450
ComprehensiveIncomeNetOfTax,,,33553000.000,28637000.000,31820000.000,37308000.000,36079000.000,52926000.000,32259000.000,40402000.000,25312000.000,23774000.000,34064000.000,17576000.000,13359000.000,43491000.000,3512000.000,21904000.000,-13959000.000
CostOfGoodsSold,10094000.000,13900000.000,12563000.000,19031000.000,11273000.000,10564000.000,15611000.000,27494000.000,11977000.000,7644000.000,10839000.000,16579000.000,12032000.000,-88696000.000,15431000.000,14957000.000,14169000.000,13444000.000,11265000.000
CostsAndExpenses,43433000.000,56990000.000,63709000.000,70019000.000,68972000.000,68510000.000,72451000.000,87717000.000,77547000.000,77499000.000,82091000.000,73637000.000,76824000.000,70888000.000,79165000.000,81234000.000,85931000.000,96397000.000,93828000.000
DeferredIncomeTaxExpenseBenefit,,,18043000.000,,,,20310000.000,,,,15990000.000,,,,14059000.000,,,,4743000.000
DepreciationDepletionAndAmortization,35161000.000,41872000.000,45205000.000,47169000.000,52155000.000,48937000.000,49317000.000,49832000.000,52321000.000,53603000.000,53803000.000,54237000.000,57198000.000,59515000.000,58384000.000,60021000.000,61711000.000,62422000.000,63226000.000
DerivativeInstrumentsGainLossRecognizedInIncomeNet,,,2800000.000,-6600000.000,-1400000.000,2400000.000,,,,,,,,,,,,,
DirectOperatingCosts,4363000.000,5112000.000,5581000.000,6026000.000,6195000.000,7237000.000,5962000.000,6218000.000,6854000.000,8108000.000,8682000.000,8267000.000,8287000.000,7840000.000,8822000.000,10011000.000,13002000.000,17067000.000,17959000.000
EarningsPerShareBasic,0.700,0.550,0.990,0.880,0.940,1.110,1.120,1.130,1.040,0.990,0.890,0.870,0.970,0.970,0.780,0.810,0.690,0.400,0.190
EarningsPerShareDiluted,0.700,0.540,0.980,0.870,0.930,1.090,1.120,1.120,1.030,0.980,0.890,0.870,0.970,0.950,0.780,0.810,0.680,0.400,0.190
EffectiveIncomeTaxRateContinuingOperations,,,,,,,,,,,,,,,,,,,0.425
GainLossOnCashFlowHedgeIneffectivenessNet,,,,,,,,,,,0.000,,,,,,,,
GainLossOnDerivativeInstrumentsNetPretax,-15139000.000,-23229000.000,2972000.000,-6728000.000,-1286000.000,2573000.000,3152000.000,5268000.000,-295000.000,822000.000,-373000.000,-582000.000,545000.000,-370000.000,-716000.000,364000.000,-662000.000,809000.000,-813000.000
GainLossOnSaleOfLeasedAssetsNetOperatingLeases,16899000.000,14875000.000,10760000.000,13152000.000,11317000.000,9280000.000,10261000.000,8026000.000,4293000.000,4171000.000,3096000.000,2461000.000,870000.000,560000.000,-1449000.000,-660000.000,-2854000.000,-8683000.000,-13930000.000
GeneralAndAdministrativeExpense,10612000.000,10964000.000,11106000.000,11128000.000,10674000.000,11083000.000,11904000.000,10614000.000,10432000.000,11247000.000,11832000.000,11128000.000,11317000.000,11122000.000,11982000.000,11367000.000,10962000.000,16843000.000,12952000.000
GrossProfit,,,,,,,,,,,,2215000.000,1713000.000,,1414000.000,1521000.000,1191000.000,68000.000,27000.000
IncomeLossFromContinuingOperationsBeforeIncomeTaxesMinorityInterestAndIncomeLossFromEquityMethodInvestments,35899000.000,27986000.000,50970000.000,45203000.000,48373000.000,56318000.000,57893000.000,58632000.000,53481000.000,50859000.000,46001000.000,44563000.000,49960000.000,48982000.000,39816000.000,41227000.000,34798000.000,20604000.000,11165000.000
IncomeTaxExpenseBenefit,12708000.000,9907000.000,18043000.000,15906000.000,17220000.000,19563000.000,20373000.000,20756000.000,18820000.000,17750000.000,15990000.000,15201000.000,17343000.000,16927000.000,14059000.000,14557000.000,12287000.000,7330000.000,4743000.000
IncreaseDecreaseInAssetsHeldForSale,,,6798000.000,,,,18835000.000,,,,8677000.000,,,,10554000.000,,,,-597000.000
IncreaseDecreaseInOperatingCapital,,,10917000.000,,,,12763000.000,,,,17918000.000,,,,3231000.000,,,,-514000.000
IncreaseDecreaseInRestrictedCash,,,-1936000.000,,,,2686000.000,,,,2109000.000,,,,-607000.000,,,,-1315000.000
IncrementalCommonSharesAttributableToShareBasedPaymentArrangements,,,386000.000,418000.000,402000.000,-807000.000,172000.000,196000.000,222000.000,-379000.000,168000.000,178000.000,201000.000,-365000.000,149000.000,151000.000,94000.000,-276000.000,22000.000
InterestExpense,25750000.000,28504000.000,26625000.000,28073000.000,30390000.000,29541000.000,28883000.000,28303000.000,27105000.000,27434000.000,27619000.000,26888000.000,26695000.000,28063000.000,29243000.000,29602000.000,30477000.000,28958000.000,29151000.000
InterestRateCashFlowHedgeGainLossReclassifiedToEarningsNet,,,,,,,,,,,-715000.000,,,,-687000.000,,,,-585000.000
LossContingencyLossInPeriod,,,,,,,,,,,0.000,,,,0.000,,,,
ManagementFeesRevenue,736000.000,683000.000,660000.000,820000.000,823000.000,773000.000,619000.000,601000.000,549000.000,515000.000,450000.000,,,,,,,,
NetCashProvidedByUsedInContinuingOperations,,,-67070000.000,,,,-6989000.000,,,,1448000.000,,,,-7423000.000,,,,14773000.000
NetCashProvidedByUsedInFinancingActivities,,,-43680000.000,,,,75786000.000,,,,24149000.000,,,,111820000.000,,,,-23698000.000
NetCashProvidedByUsedInFinancingActivitiesContinuingOperations,,,-43680000.000,,,,75786000.000,,,,24149000.000,,,,111820000.000,,,,-23698000.000
NetCashProvidedByUsedInInvestingActivities,,,-85115000.000,,,,-149234000.000,,,,-97132000.000,,,,-210491000.000,,,,-57065000.000
NetCashProvidedByUsedInInvestingActivitiesContinuingOperations,,,-85115000.000,,,,-149234000.000,,,,-97132000.000,,,,-210491000.000,,,,-57065000.000
NetCashProvidedByUsedInOperatingActivities,,,61725000.000,,,,66459000.000,,,,74431000.000,,,,91248000.000,,,,95536000.000
NetCashProvidedByUsedInOperatingActivitiesContinuingOperations,,,61725000.000,,,,66459000.000,,,,74431000.000,,,,91248000.000,,,,95536000.000
NetIncomeLoss,23191000.000,,,,,,,,,,,,,,,,,,
NetIncomeLossAvailableToCommonStockholdersBasic,,18079000.000,32927000.000,29297000.000,31153000.000,36755000.000,37520000.000,37876000.000,34661000.000,33109000.000,30011000.000,29362000.000,32617000.000,32055000.000,25757000.000,26670000.000,22511000.000,13274000.000,6422000.000
NonoperatingIncomeExpense,-40889000.000,-52776000.000,-23653000.000,-34801000.000,-31676000.000,-26968000.000,-25731000.000,-25613000.000,-27400000.000,-28034000.000,-29162000.000,-31199000.000,-26323000.000,-28553000.000,-29959000.000,-29238000.000,-32034000.000,-28149000.000,-30327000.000
OperatingIncomeLoss,76788000.000,80762000.000,74623000.000,80004000.000,80049000.000,83286000.000,83624000.000,84245000.000,80881000.000,78893000.000,75163000.000,75762000.000,76283000.000,77535000.000,69775000.000,70465000.000,66832000.000,48753000.000,41492000.000
OperatingLeasesIncomeStatementLeaseRevenue,102294000.000,116850000.000,119481000.000,124303000.000,131839000.000,135566000.000,134054000.000,136304000.000,139994000.000,142288000.000,139330000.000,139489000.000,145613000.000,149346000.000,144568000.000,146569000.000,150471000.000,150057000.000,144898000.000
OtherComprehensiveIncomeForeignCurrencyTransactionAndTranslationAdjustmentNetOfTaxPeriodIncreaseDecrease,,,108000.000,,,,,,,,,,,,,,,,
OtherComprehensiveIncomeForeignCurrencyTransactionAndTranslationAdjustmentNetOfTaxPortionAttributableToParent,,,,,,,,1000.000,288000.000,,35000.000,144000.000,-234000.000,-160000.000,-157000.000,241000.000,-170000.000,-107000.000,-123000.000
OtherComprehensiveIncomeLossDerivativesQualifyingAsHedgesNetOfTax,,,,,,,,,,,,,2546000.000,,3152000.000,3164000.000,3174000.000,3098000.000,2403000.000
OtherComprehensiveIncomeLossDerivativesQualifyingAsHedgesTax,,,,,,,,,,,,,1326000.000,,1719000.000,1729000.000,1733000.000,1703000.000,1775000.000
OtherComprehensiveIncomeLossNetOfTaxPeriodIncreaseDecrease,,,626000.000,,,,,,,,,,,,,,,,
OtherComprehensiveIncomeLossNetOfTaxPortionAttributableToParent,,,,-660000.000,667000.000,,-1441000.000,15050000.000,-2402000.000,7293000.000,-4699000.000,-5588000.000,1447000.000,-14479000.000,-12398000.000,16821000.000,-18999000.000,8630000.000,-20381000.000
OtherComprehensiveIncomeLossReclassificationAdjustmentFromAOCIOnDerivativesNetOfTax,,,,,,,,,-482000.000,,-461000.000,-485000.000,-186000.000,-472000.000,-445000.000,-433000.000,-418000.000,-401000.000,-379000.000
OtherComprehensiveIncomeLossReclassificationAdjustmentFromAOCIOnDerivativesTax,,,,,,,,,266000.000,,254000.000,263000.000,102000.000,256000.000,242000.000,235000.000,228000.000,216000.000,206000.000
OtherComprehensiveIncomeReclassificationAdjustmentOnDerivativesIncludedInNetIncomeNetOfTax,,,-518000.000,-528000.000,,,,,,,,,,,,,,,
OtherComprehensiveIncomeReclassificationAdjustmentOnDerivativesIncludedInNetIncomeTax,,,282000.000,-288000.000,,,,,,,,,,,,,,,
OtherComprehensiveIncomeUnrealizedGainLossOnDerivativesArisingDuringPeriodNetOfTax,,,,-1145000.000,,,-1601000.000,14553000.000,-3172000.000,6707000.000,-5195000.000,-6217000.000,-1051000.000,-21351000.000,-15838000.000,12983000.000,-22421000.000,5238000.000,-23040000.000
OtherComprehensiveIncomeUnrealizedGainLossOnDerivativesArisingDuringPeriodTax,,,0.000,-625000.000,0.000,1250000.000,875000.000,7951000.000,-1734000.000,1914000.000,-2858000.000,-3379000.000,-516000.000,-11495000.000,-8611000.000,7041000.000,-12185000.000,2825000.000,-12984000.000
OtherSalesRevenueNet,90000.000,37000.000,32000.000,40000.000,39000.000,40000.000,18000.000,124000.000,33000.000,26000.000,34000.000,510000.000,470000.000,859000.000,383000.000,382000.000,148000.000,234000.000,1218000.000
PaymentsForProceedsFromOtherInvestingActivities,,,-88000.000,,,,316000.000,,,,-25000.000,,,,74000.000,,,,73000.000
PaymentsForRepurchaseOfCommonStock,,,,,,,,,,,,,,,4446000.000,,,,0.000
PaymentsOfDividendsCommonStock,,,18264000.000,19200000.000,20000000.000,20626000.000,21429000.000,,,,24201000.000,,,,23656000.000,,,,14844000.000
PaymentsOfFinancingCosts,,,638000.000,,,,7527000.000,,,,3276000.000,,,,624000.000,,,,1264000.000
PaymentsToAcquireProductiveAssets,,,123100000.000,,,,195221000.000,,,,148622000.000,,,,258552000.000,,,,97141000.000
ProceedsFromIssuanceOfDebt,,,121500000.000,,,,,,,,,,,,,,,,
ProceedsFromIssuanceOfLongTermDebtAndCapitalSecuritiesNet,,,,,,,704207000.000,,,,356017000.000,,,,230000000.000,,,,140000000.000
ProceedsFromSaleAndCollectionOfFinanceReceivables,,,8526000.000,,,,8951000.000,,,,12004000.000,,,,10474000.000,,,,10463000.000
ProceedsFromSaleOfProductiveAssets,,,29371000.000,,,,37352000.000,,,,39461000.000,,,,37661000.000,,,,29686000.000
ProceedsFromStockOptionsExercised,,,132000.000,,,,,,,,,,,,,,,,
ProvisionForDoubtfulAccounts,102000.000,17000.000,14000.000,-183000.000,-8000.000,-31000.000,-82000.000,1585000.000,256000.000,1068000.000,31000.000,5000.000,22000.000,154000.000,-23000.000,-165000.000,256000.000,65000.000,-309000.000
RepaymentsOfDebt,,,138501000.000,,,,,,,,,,,,,,,,
RepaymentsOfDebtAndCapitalLeaseObligations,,,,,,,596475000.000,,,,302231000.000,,,,90061000.000,,,,148905000.000
RepaymentsOfLongTermCapitalLeaseObligations,,,9845000.000,,,,,,,,,,,,,,,,
Revenues,120221000.000,137752000.000,138332000.000,150023000.000,149021000.000,151796000.000,156075000.000,171962000.000,158428000.000,156392000.000,157254000.000,,,,,,,,
SalesRevenueGoodsNet,12877000.000,16121000.000,14461000.000,21308000.000,12981000.000,12225000.000,18286000.000,31781000.000,13984000.000,8953000.000,12487000.000,18794000.000,13745000.000,11410000.000,16845000.000,16478000.000,15360000.000,13512000.000,11292000.000
SalesRevenueNet,120221000.000,137752000.000,138332000.000,150023000.000,149021000.000,151796000.000,156075000.000,171962000.000,158428000.000,156392000.000,157254000.000,,,,,,,,
ShareBasedCompensation,,,1212000.000,,,,1857000.000,1100000.000,1100000.000,1159000.000,1808000.000,1600000.000,1300000.000,1276000.000,2002000.000,1447000.000,1582000.000,1421000.000,1067000.000
ShareBasedCompensationArrangementByShareBasedPaymentAwardEquityInstrumentsOtherThanOptionsGrantsInPeriod,,,,,,,,,,,,,,,,,,,140000.000
TreasuryStockAcquiredAverageCostPerShare,,,,,,,,,,,,,43.670,,41.400,,,,
TreasuryStockSharesAcquired,,,,,,,,,,,,,176000.000,,81915.000,0.000,,,0.000
WeightedAverageNumberOfDilutedSharesOutstanding,33353000.000,33475000.000,33578000.000,33634000.000,33632000.000,-67221000.000,33641000.000,33680000.000,33708000.000,-67335000.000,33776000.000,33797000.000,33795000.000,-67704000.000,33010000.000,33008000.000,32954000.000,-65993000.000,33009000.000
WeightedAverageNumberOfSharesOutstandingBasic,32905000.000,33085000.000,33192000.000,33216000.000,33230000.000,-66414000.000,33469000.000,33484000.000,33486000.000,-66956000.000,33608000.000,33619000.000,33594000.000,-67339000.000,32861000.000,32857000.000,32860000.000,-65717000.000,32987000.000
WriteOffOfDeferredDebtIssuanceCost,,1043000.000,,,,,,2578000.000,0.000,,1170000.000,3729000.000,173000.000,120000.000,0.000,0.000,895000.000,0.000,363000.000
