,2011-03-31,2011-06-30,2011-09-30,2011-12-31,2012-03-31,2012-06-30,2012-09-30,2012-12-31,2013-03-31,2013-06-30,2013-09-30,2013-12-31,2014-03-31,2014-06-30,2014-09-30,2014-12-31,2015-03-31,2015-06-30,2015-09-30,2015-12-31,2016-03-31,2016-06-30,2016-09-30,2016-12-31,2017-03-31
AdjustmentsToAdditionalPaidInCapitalEquityComponentOfConvertibleDebt,,,,,,,,,,,,,,,,,,,,,,,,,-56000000.000
AdjustmentsToAdditionalPaidInCapitalSharebasedCompensationRequisiteServicePeriodRecognitionValue,,,,,5600000.000,,,,7000000.000,,,,,,,,4000000.000,,,,14000000.000,,,,10000000.000
AdjustmentsToAdditionalPaidInCapitalTaxEffectFromShareBasedCompensation,,,,,,,,,,,,,,,,,7000000.000,,,,,,,,
AntidilutiveSecuritiesExcludedFromComputationOfEarningsPerShareAmount,,7500000.000,7400000.000,,4300000.000,3100000.000,3100000.000,-7000000.000,1000000.000,,,,0.000,,,,3000000.000,0.000,0.000,-2000000.000,2000000.000,2000000.000,2000000.000,-4000000.000,2000000.000
AssetImpairmentCharges,,,,,,,,,,,,,,,,,,,,,3000000.000,,,,2000000.000
AssumedPremiumsWritten,,,,,,,,,,,,,,,,,,597000000.000,647000000.000,,530000000.000,691000000.000,713000000.000,692000000.000,583000000.000
BenefitsLossesAndExpenses,1125900000.000,1214500000.000,1143000000.000,941400000.000,1084300000.000,1513900000.000,1739200000.000,2020900000.000,1912000000.000,2056000000.000,2006000000.000,1940000000.000,2168000000.000,2191000000.000,2229000000.000,1044000000.000,1910000000.000,2141000000.000,2154000000.000,2060000000.000,1917000000.000,2174000000.000,2246000000.000,2145000000.000,2056000000.000
CashAndCashEquivalentsPeriodIncreaseDecrease,-52800000.000,,,,55400000.000,,,,-123000000.000,,,,-1192000000.000,,,,,,,,,,,,
CommonStockDividendsPerShareCashPaid,,0.120,0.120,,0.140,0.140,0.140,0.160,0.160,0.160,0.160,0.180,0.180,0.180,0.000,,,,,,,,,,
CommonStockDividendsPerShareDeclared,0.120,,,,0.140,,0.160,,0.160,0.160,0.180,,0.180,0.180,0.190,,,,,,,,,,
ComprehensiveIncomeNetOfTax,35800000.000,96900000.000,57900000.000,159200000.000,102000000.000,134500000.000,280600000.000,155000000.000,91000000.000,89000000.000,99000000.000,101000000.000,-22000000.000,137000000.000,76000000.000,352000000.000,79000000.000,154000000.000,88000000.000,135000000.000,112000000.000,227000000.000,159000000.000,209000000.000,97000000.000
ComprehensiveIncomeNetOfTaxAttributableToNoncontrollingInterest,1600000.000,,,,,,,,,,,,,,,,,0.000,6000000.000,,10000000.000,9000000.000,13000000.000,9000000.000,8000000.000
ComprehensiveIncomeNetOfTaxIncludingPortionAttributableToNoncontrollingInterest,37400000.000,99900000.000,60500000.000,161600000.000,104800000.000,134400000.000,281600000.000,156500000.000,90000000.000,96000000.000,101000000.000,110000000.000,-73000000.000,127000000.000,62000000.000,363000000.000,93000000.000,154000000.000,94000000.000,149000000.000,122000000.000,236000000.000,172000000.000,218000000.000,105000000.000
CostOfOtherManufacturedProducts,,,,,,,124600000.000,,240000000.000,241000000.000,223000000.000,243000000.000,254000000.000,251000000.000,266000000.000,,,,,,,,,,
DebtIssuanceCosts,,,,,,,,,,,,,,,,,,,,,28000000.000,,,,
DebtIssuanceCostsIncurredDuringNoncashOrPartialNoncashTransaction,,,,,,,,,,,,,,,,,,,,,,,,,9000000.000
DeferredTaxExpenseFromStockOptionsExercised,,,,,,,,,,,,,2000000.000,,,,,,,,,,,,
DepreciationAndAmortization,20500000.000,19300000.000,17600000.000,16100000.000,17000000.000,25900000.000,28400000.000,33700000.000,34000000.000,35000000.000,36000000.000,32000000.000,118000000.000,85000000.000,102000000.000,98000000.000,100000000.000,104000000.000,102000000.000,104000000.000,100000000.000,102000000.000,113000000.000,116000000.000,
DepreciationDepletionAndAmortization,20500000.000,,,,17100000.000,,,,52000000.000,,,,132000000.000,,,,100000000.000,,,,100000000.000,,,,112000000.000
DirectPremiumsWritten,,,,,,,,,,,,,,,,,,547000000.000,524000000.000,,422000000.000,540000000.000,556000000.000,579000000.000,465000000.000
DiscontinuedOperationIncomeLossFromDiscontinuedOperationBeforeIncomeTax,,,,,,,,,,-2000000.000,-1000000.000,,,,,,,,,,,,,,
DisposalGroupIncludingDiscontinuedOperationRevenue,,,,,,,,,,1000000.000,,,,,,,,,,,,,,,
DisposalGroupNotDiscontinuedOperationGainLossOnDisposal,,,,,,,,,,,,,,,,,,,,,0.000,,,,
DividendsCommonStockCash,-26900000.000,,,,-31100000.000,,,,-37000000.000,,,,50000000.000,,,,53000000.000,,,,58000000.000,,,,68000000.000
EarningsPerShareBasic,,0.360,0.340,,0.340,0.670,1.050,0.680,0.400,0.620,0.430,0.300,-0.080,0.420,,,,,,,,,,,
EarningsPerShareBasicAndDiluted,0.190,,,,,,,,,,,,,,,,,,,,,,,,
EarningsPerShareDiluted,,0.360,0.330,,0.330,0.650,1.030,0.670,0.390,0.610,0.430,0.280,-0.080,0.410,0.000,,,,,,,,,,
EquityMethodInvestmentRealizedGainLossOnDisposal,,,,,,,,,,,,,,,,,12000000.000,,,,-3000000.000,0.000,0.000,,
ExcessTaxBenefitFromShareBasedCompensationFinancingActivities,0.000,,,,4700000.000,,,,0.000,,,,2000000.000,,,,7000000.000,,,,,,,,
ExcessTaxBenefitFromShareBasedCompensationOperatingActivities,0.000,,,,4700000.000,,,,0.000,,,,2000000.000,,,,7000000.000,,,,,,,,
FairValueMeasurementWithUnobservableInputsReconciliationRecurringBasisAssetGainLossIncludedInEarnings,,,,,600000.000,,,,-1000000.000,,,,,,,,,,,,,,,,
FairValueMeasurementWithUnobservableInputsReconciliationRecurringBasisAssetGainLossIncludedInEarnings1,,,,,,,,,,,,,2000000.000,,,,,,,,,,,,
FeesAndCommissions,,,,,,,,,,,,,,,,,,857000000.000,852000000.000,,779000000.000,907000000.000,950000000.000,910000000.000,868000000.000
FoodAndBeverageCostOfSales,,,,,,215400000.000,257900000.000,,305000000.000,295000000.000,292000000.000,312000000.000,300000000.000,303000000.000,296000000.000,321000000.000,306000000.000,313000000.000,302000000.000,274000000.000,245000000.000,245000000.000,237000000.000,257000000.000,236000000.000
FoodAndBeverageRevenue,,,,,,252900000.000,297900000.000,,356000000.000,347000000.000,336000000.000,369000000.000,354000000.000,358000000.000,343000000.000,381000000.000,364000000.000,371000000.000,349000000.000,328000000.000,293000000.000,292000000.000,273000000.000,300000000.000,273000000.000
GainLossOnDispositionOfOtherFinancialAssets,,,,,,,,,,,,,,,,,,,-10000000.000,,-3000000.000,-2000000.000,-2000000.000,-2000000.000,-2000000.000
GainLossOnSaleOfOtherAssets,,,,,3400000.000,,,,-4000000.000,,,,2000000.000,,,,0.000,,,,,,,,
GainsLossesOnExtinguishmentOfDebt,,,,,,,,,,,,,,,,,,-9000000.000,0.000,,,,,,-4000000.000
ImpairmentOfInvestments,,0.000,0.000,,,,,,1000000.000,0.000,0.000,0.000,,,,,,0.000,9000000.000,,3000000.000,0.000,2000000.000,14000000.000,0.000
IncomeLossFromContinuingOperations,,,66500000.000,,71700000.000,143800000.000,234100000.000,151800000.000,90000000.000,141000000.000,98000000.000,74000000.000,,116000000.000,,,,,,,,,,,
IncomeLossFromContinuingOperationsBeforeIncomeTaxesMinorityInterestAndIncomeLossFromEquityMethodInvestments,82300000.000,110000000.000,97000000.000,125500000.000,105600000.000,223000000.000,300700000.000,214100000.000,138000000.000,223000000.000,168000000.000,122000000.000,-79000000.000,168000000.000,154000000.000,149000000.000,151000000.000,254000000.000,238000000.000,224000000.000,131000000.000,308000000.000,271000000.000,362000000.000,161000000.000
IncomeLossFromContinuingOperationsIncludingPortionAttributableToNoncontrollingInterest,,,69100000.000,,74500000.000,143700000.000,235100000.000,153300000.000,89000000.000,148000000.000,100000000.000,83000000.000,-73000000.000,106000000.000,88000000.000,391000000.000,100000000.000,170000000.000,138000000.000,153000000.000,84000000.000,206000000.000,169000000.000,233000000.000,81000000.000
IncomeLossFromContinuingOperationsPerBasicShare,,,0.300,,0.330,0.660,1.050,0.680,0.400,0.630,0.430,0.290,,0.420,,,,,,,,,,,
IncomeLossFromContinuingOperationsPerDilutedShare,,,0.290,,0.320,0.640,1.030,0.670,0.390,0.620,0.430,0.270,,0.410,0.000,,,,,,,,,,
IncomeLossFromDiscontinuedOperationsNetOfTax,,,7800000.000,,2700000.000,3200000.000,-800000.000,0.000,0.000,-2000000.000,0.000,1000000.000,0.000,-1000000.000,0.000,8000000.000,0.000,0.000,0.000,0.000,,,,,
IncomeLossFromDiscontinuedOperationsNetOfTaxAttributableToReportingEntity,,,,,,,-800000.000,,0.000,-2000000.000,0.000,1000000.000,,-1000000.000,,,,,,,,,,,
IncomeLossFromDiscontinuedOperationsNetOfTaxPerBasicShare,,,0.040,,0.010,0.010,0.000,0.000,0.000,-0.010,0.000,0.010,,0.000,,,,,,,,,,,
IncomeLossFromDiscontinuedOperationsNetOfTaxPerDilutedShare,,,0.040,,0.010,0.010,0.000,0.000,0.000,-0.010,0.000,0.010,,0.000,,,,,,,,,,,
IncomeLossFromEquityMethodInvestments,-8600000.000,12600000.000,3700000.000,2000000.000,5800000.000,2000000.000,5000000.000,-2900000.000,-3000000.000,-3000000.000,-14000000.000,-6000000.000,-31000000.000,-5000000.000,-7000000.000,475000000.000,-1000000.000,4000000.000,-19000000.000,0.000,2000000.000,-1000000.000,-7000000.000,-2000000.000,-2000000.000
IncomeTaxExpenseBenefit,29600000.000,39600000.000,31600000.000,33600000.000,36900000.000,81300000.000,70600000.000,57900000.000,46000000.000,72000000.000,54000000.000,33000000.000,-37000000.000,57000000.000,59000000.000,233000000.000,50000000.000,88000000.000,81000000.000,71000000.000,49000000.000,101000000.000,95000000.000,127000000.000,78000000.000
IncomeTaxesPaidNet,0.000,,,,8900000.000,,,,92000000.000,,,,55000000.000,,,,1000000.000,,,,46000000.000,,,,14000000.000
IncreaseDecreaseInAccountsPayableAndAccruedLiabilities,-85600000.000,,,,,,,,,,,,,,,,,,,,,,,,
IncreaseDecreaseInAccountsReceivable,,,,,,,,,,,,,,,,,,,,,-10000000.000,,,,-15000000.000
IncreaseDecreaseInAccruedIncomeTaxesPayable,,,,,,,,,,,,,,,,,,,,,3000000.000,,,,63000000.000
IncreaseDecreaseInCashCollateralForLoanedSecurities,800000.000,,,,,,,,,,,,,,,,,,,,,,,,
IncreaseDecreaseInLiabilityForClaimsAndClaimsAdjustmentExpenseReserve,,,,,,,,,,,,,,,,,,,,,12000000.000,,,,-3000000.000
IncreaseDecreaseInLossAndLossAdjustmentExpenseReserve,34900000.000,,,,54400000.000,,,,25000000.000,,,,10000000.000,,,,9000000.000,,,,,,,,
IncreaseDecreaseInPrepaidDeferredExpenseAndOtherAssets,12800000.000,,,,7700000.000,,,,21000000.000,,,,49000000.000,,,,37000000.000,,,,2000000.000,,,,41000000.000
IncreaseDecreaseInReceivables,-24400000.000,,,,7000000.000,,,,-16000000.000,,,,37000000.000,,,,18000000.000,,,,,,,,
IncreaseDecreaseInReinsuranceRecoverable,,,,,,,,,,,,,,,,,,,,,,,,,-4000000.000
IncrementalCommonSharesAttributableToShareBasedPaymentArrangements,,3800000.000,4300000.000,,4500000.000,4900000.000,4700000.000,-9300000.000,6000000.000,,,,,,,,,,,,,,,,
InsuranceCommissions,327700000.000,379100000.000,326300000.000,377700000.000,315600000.000,395900000.000,432600000.000,455300000.000,397000000.000,473000000.000,482000000.000,437000000.000,307000000.000,395000000.000,396000000.000,373000000.000,333000000.000,451000000.000,495000000.000,452000000.000,402000000.000,526000000.000,545000000.000,525000000.000,446000000.000
InterestExpense,14300000.000,13800000.000,14000000.000,15100000.000,15100000.000,15400000.000,19700000.000,24200000.000,23000000.000,21000000.000,27000000.000,22000000.000,36000000.000,38000000.000,37000000.000,16000000.000,31000000.000,32000000.000,34000000.000,34000000.000,34000000.000,33000000.000,35000000.000,34000000.000,35000000.000
InterestPaid,14600000.000,,,,14200000.000,,,,26000000.000,,,,26000000.000,,,,24000000.000,,,,29000000.000,,,,30000000.000
LaborAndRelatedExpense,391300000.000,396800000.000,400600000.000,389300000.000,407600000.000,450000000.000,472800000.000,542500000.000,521000000.000,546000000.000,540000000.000,527000000.000,671000000.000,645000000.000,645000000.000,579000000.000,623000000.000,690000000.000,680000000.000,678000000.000,652000000.000,707000000.000,732000000.000,741000000.000,715000000.000
LiabilityForUnpaidClaimsAndClaimsAdjustmentExpenseClaimsPaidCurrentYear1,,,,,,,,,,,,,,,,,,,,,,,,,1000000.000
LiabilityForUnpaidClaimsAndClaimsAdjustmentExpenseClaimsPaidPriorYears1,,,,,,,,,,,,,,,,,,,,,,,,,50000000.000
LiabilityForUnpaidClaimsAndClaimsAdjustmentExpenseIncurredClaims1,,,,,,,,,,,,,,,,,,,,,,,,,52000000.000
MinorityInterestDecreaseFromDistributionsToNoncontrollingInterestHolders,,,,,-1900000.000,,,,-3000000.000,,,,3000000.000,,,,1000000.000,,,,2000000.000,,,,2000000.000
NetCashProvidedByUsedInFinancingActivities,-36200000.000,,,,142500000.000,,,,-64000000.000,,,,1574000000.000,,,,-154000000.000,,,,-207000000.000,,,,-137000000.000
NetCashProvidedByUsedInFinancingActivitiesContinuingOperations,-36200000.000,,,,142500000.000,,,,-64000000.000,,,,1574000000.000,,,,-154000000.000,,,,-207000000.000,,,,-137000000.000
NetCashProvidedByUsedInInvestingActivities,4400000.000,,,,-42100000.000,,,,-23000000.000,,,,-2605000000.000,,,,1000000.000,,,,171000000.000,,,,45000000.000
NetCashProvidedByUsedInInvestingActivitiesContinuingOperations,4400000.000,,,,-42100000.000,,,,-23000000.000,,,,-2605000000.000,,,,1000000.000,,,,171000000.000,,,,45000000.000
NetCashProvidedByUsedInOperatingActivities,-21000000.000,,,,-45000000.000,,,,-36000000.000,,,,-161000000.000,,,,34000000.000,,,,92000000.000,,,,4000000.000
NetCashProvidedByUsedInOperatingActivitiesContinuingOperations,-21000000.000,,,,-45000000.000,,,,-36000000.000,,,,-161000000.000,,,,34000000.000,,,,92000000.000,,,,4000000.000
NetIncomeLoss,42500000.000,80000000.000,74300000.000,172700000.000,74400000.000,147000000.000,233300000.000,151800000.000,90000000.000,139000000.000,98000000.000,75000000.000,-22000000.000,115000000.000,102000000.000,388000000.000,86000000.000,170000000.000,132000000.000,139000000.000,74000000.000,197000000.000,156000000.000,223000000.000,72000000.000
NetIncomeLossAttributableToNoncontrollingInterest,1600000.000,3000000.000,2600000.000,2400000.000,2800000.000,-100000.000,1000000.000,1500000.000,-1000000.000,7000000.000,2000000.000,9000000.000,-51000000.000,-10000000.000,-14000000.000,11000000.000,14000000.000,,,,,,,,9000000.000
NetInvestmentIncome,36100000.000,39700000.000,37500000.000,29400000.000,36400000.000,37000000.000,35400000.000,35100000.000,33000000.000,37000000.000,29000000.000,30000000.000,30000000.000,35000000.000,29000000.000,32000000.000,31000000.000,32000000.000,30000000.000,30000000.000,30000000.000,37000000.000,29000000.000,33000000.000,29000000.000
NoncontrollingInterestDecreaseFromDeconsolidation,,,,,,,,,,,,,,,,,27000000.000,,,,1000000.000,,,,
NoncontrollingInterestIncreaseFromBusinessCombination,,,,,,,,,,,,,,,,,0.000,,,,2000000.000,,,,2000000.000
NotesReduction,,,,,,,,,,,,,,,,,,,,,,,,,12000000.000
OtherComprehensiveIncomeAvailableForSaleSecuritiesAdjustmentNetOfTaxPeriodIncreaseDecrease,-11100000.000,16200000.000,-14100000.000,32900000.000,27400000.000,-2500000.000,21600000.000,-5100000.000,14000000.000,,,,,,,,,,,,,,,,
OtherComprehensiveIncomeForeignCurrencyTransactionAndTranslationAdjustmentNetOfTaxPeriodIncreaseDecrease,600000.000,,,,,,,,,,,,,,,,,,,,,,,,
OtherComprehensiveIncomeForeignCurrencyTransactionAndTranslationAdjustmentNetOfTaxPortionAttributableToParent,,,,,,,,,-3000000.000,-6000000.000,6000000.000,1000000.000,-3000000.000,6000000.000,-8000000.000,-12000000.000,-4000000.000,,,,,,,,
OtherComprehensiveIncomeForeignCurrencyTransactionAndTranslationGainLossArisingDuringPeriodNetOfTax,,400000.000,-1800000.000,,1000000.000,-1600000.000,8500000.000,2700000.000,-5000000.000,,,,-4000000.000,,,,,,,,,,,,
OtherComprehensiveIncomeForeignCurrencyTranslationAdjustmentTax,400000.000,200000.000,-1000000.000,-100000.000,700000.000,-900000.000,5000000.000,-3700000.000,-2000000.000,,,,,,,,,,,,,,,,
OtherComprehensiveIncomeLossAvailableForSaleSecuritiesAdjustmentNetOfTax,,,,,,,,,,-37000000.000,1000000.000,,9000000.000,12000000.000,-12000000.000,-10000000.000,,,,,,,,,
OtherComprehensiveIncomeLossForeignCurrencyTransactionAndTranslationAdjustmentNetOfTax,,,,,,,,,,,,,,,,,,-4000000.000,-2000000.000,,4000000.000,1000000.000,1000000.000,-4000000.000,1000000.000
OtherComprehensiveIncomeLossForeignCurrencyTranslationAdjustmentTax,,,,,,,,,,-4000000.000,-4000000.000,,,4000000.000,-5000000.000,,-2000000.000,-3000000.000,-1000000.000,-1000000.000,2000000.000,1000000.000,1000000.000,-3000000.000,1000000.000
OtherComprehensiveIncomeLossNetOfTax,,,,,,,,,,-50000000.000,1000000.000,,0.000,22000000.000,-26000000.000,-36000000.000,-7000000.000,-16000000.000,-44000000.000,-4000000.000,38000000.000,30000000.000,3000000.000,-15000000.000,24000000.000
OtherComprehensiveIncomeLossNetOfTaxPeriodIncreaseDecrease,-6700000.000,16900000.000,-16400000.000,-13500000.000,27600000.000,-12500000.000,47300000.000,3200000.000,1000000.000,,,,,,,,,,,,,,,,
OtherComprehensiveIncomeLossNetOfTaxPortionAttributableToParent,,,,,,,,,-1000000.000,0.000,0.000,25000000.000,0.000,0.000,0.000,-12000000.000,,,,,,,,,
OtherComprehensiveIncomeLossPensionAndOtherPostretirementBenefitPlansAdjustmentNetOfTax,,,,,,,,,,,,,,,,,,,4000000.000,,,,0.000,,
OtherComprehensiveIncomeLossPensionAndOtherPostretirementBenefitPlansTax,,,,,,,,,,,,,,,,,,,2000000.000,,,,,,
OtherComprehensiveIncomeLossReclassificationAdjustmentFromAOCIForSaleOfSecuritiesNetOfTax,,,,,,,,,,4000000.000,-1000000.000,,0.000,1000000.000,-1000000.000,0.000,,0.000,0.000,,,-2000000.000,2000000.000,,-3000000.000
OtherComprehensiveIncomeLossReclassificationAdjustmentFromAOCIForSaleOfSecuritiesTax,,,,,,,,,,2000000.000,1000000.000,,,,,,,,,,,1000000.000,-1000000.000,,-2000000.000
OtherComprehensiveIncomeMinimumPensionLiabilityNetAdjustmentNetOfTax,,,,,,,100000.000,,-2000000.000,,,,,,,,,,,,,,,,
OtherComprehensiveIncomeMinimumPensionLiabilityNetAdjustmentTax,,,,,,,,,1000000.000,,,,,,,,,,,,,,,,
OtherComprehensiveIncomeReclassificationAdjustmentForSaleOfSecuritiesIncludedInNetIncomeNetOfTax,-2300000.000,3700000.000,1500000.000,23800000.000,1200000.000,6100000.000,2200000.000,3000000.000,1000000.000,,,,,,,,,,,,,,,,
OtherComprehensiveIncomeReclassificationAdjustmentForSaleOfSecuritiesIncludedInNetIncomeTax,1400000.000,2300000.000,900000.000,11100000.000,800000.000,-3500000.000,1500000.000,8800000.000,1000000.000,,,,,,,,,,,,,,,,
OtherComprehensiveIncomeUnrealizedHoldingGainLossOnSecuritiesArisingDuringPeriodNetOfTax,-13400000.000,,,,26200000.000,,,,13000000.000,,,,9000000.000,,,,,-19000000.000,-19000000.000,,21000000.000,,,,12000000.000
OtherComprehensiveIncomeUnrealizedHoldingGainLossOnSecuritiesArisingDuringPeriodTax,-6800000.000,9900000.000,-8300000.000,15800000.000,16100000.000,-1500000.000,12800000.000,11300000.000,8000000.000,-22000000.000,1000000.000,-16000000.000,5000000.000,7000000.000,-7000000.000,-11000000.000,,-11000000.000,-12000000.000,,13000000.000,16000000.000,4000000.000,-4000000.000,8000000.000
OtherCostAndExpenseOperating,285400000.000,300900000.000,277300000.000,219400000.000,275200000.000,334300000.000,332900000.000,361200000.000,327000000.000,366000000.000,329000000.000,297000000.000,429000000.000,417000000.000,428000000.000,369000000.000,466000000.000,482000000.000,476000000.000,457000000.000,432000000.000,493000000.000,514000000.000,505000000.000,460000000.000
OtherSalesRevenueNet,,441000000.000,408600000.000,,381600000.000,434900000.000,435500000.000,455600000.000,443000000.000,489000000.000,437000000.000,368000000.000,646000000.000,716000000.000,735000000.000,707000000.000,808000000.000,,,,,,,,
PaymentsForLossesAndLossAdjustmentExpense,,,,,,,,,,,,,,,,,,,,,,,,,51000000.000
PaymentsForProceedsFromBusinessesAndInterestInAffiliates,,,,,,,,,,,,,,,,,2000000.000,,,,,,,,
PaymentsForProceedsFromOtherInvestingActivities,2300000.000,,,,-1400000.000,,,,3000000.000,,,,1000000.000,,,,9000000.000,,,,0.000,,,,1000000.000
PaymentsForProceedsFromShortTermInvestments,-71300000.000,,,,1000000.000,,,,-43000000.000,,,,314000000.000,,,,-137000000.000,,,,-371000000.000,,,,70000000.000
PaymentsForRepurchaseOfCommonStock,11200000.000,,,,0.000,,,,34000000.000,,,,0.000,,,,191000000.000,,,,96000000.000,,,,0.000
PaymentsForRepurchaseOfEquity,,,,,,,,,,,,,,,,,,,,,,,,,44000000.000
PaymentsForSoftware,3300000.000,,,,1800000.000,,,,,,,,,,,,,,,,,,,,
PaymentsOfDebtIssuanceCosts,,,,,,,,,,,,,0.000,,,,,,,,,,,,
PaymentsOfDistributionsToAffiliates,,,,,,,,,,,,,,,,,,,,,1000000.000,,,,6000000.000
PaymentsOfDividendsCommonStock,26500000.000,,,,30600000.000,,,,37000000.000,,,,49000000.000,,,,53000000.000,,,,58000000.000,,,,68000000.000
PaymentsOfDividendsMinorityInterest,500000.000,,,,1900000.000,,,,,,,,3000000.000,,,,1000000.000,,,,2000000.000,,,,2000000.000
PaymentsToAcquireAdditionalInterestInSubsidiaries,,,,,,,,,,,,,,,,,,,,,76000000.000,,,,32000000.000
PaymentsToAcquireAvailableForSaleSecurities,441500000.000,,,,267700000.000,,,,239000000.000,,,,284000000.000,,,,326000000.000,,,,251000000.000,,,,53000000.000
PaymentsToAcquireBusinessThreeNetOfCashAcquired,,,,,,,,,,,,,40000000.000,,,,0.000,,,,0.000,,,,
PaymentsToAcquireBusinessTwoNetOfCashAcquired,,,,,,,,,,,,,2248000000.000,,,,0.000,,,,,,,,
PaymentsToAcquireBusinessesNetOfCashAcquired,300000.000,,,,11100000.000,,,,0.000,,,,,,,,11000000.000,,,,,,,,
PaymentsToAcquireEquityMethodInvestments,26000000.000,,,,0.000,,,,9000000.000,,,,-7000000.000,,,,,,,,,,,,
PaymentsToAcquireOtherInvestments,,,,,,,,,36000000.000,,,,20000000.000,,,,20000000.000,,,,0.000,,,,
PaymentsToAcquirePropertyPlantAndEquipment,8900000.000,,,,10500000.000,,,,27000000.000,,,,36000000.000,,,,43000000.000,,,,,,,,
PaymentsToMinorityShareholders,,,,,,,,,,,,,-687000000.000,,,,6000000.000,,,,0.000,,,,
PolicyholderBenefitsAndClaimsIncurredNet,86700000.000,104600000.000,107200000.000,-76200000.000,53800000.000,77000000.000,70300000.000,78200000.000,65000000.000,79000000.000,77000000.000,70000000.000,53000000.000,57000000.000,59000000.000,59000000.000,51000000.000,69000000.000,65000000.000,61000000.000,52000000.000,68000000.000,70000000.000,-33000000.000,52000000.000
PremiumsWrittenNet,,,,,,,,,,,,,,,,,,1144000000.000,1171000000.000,,952000000.000,1231000000.000,1269000000.000,1271000000.000,1048000000.000
ProceedsFromContributionsFromAffiliates,800000.000,,,,,,,,,,,,,,,,,,,,,,,,
ProceedsFromDivestitureOfInterestInConsolidatedSubsidiaries,,,,,,,,,,,,,,,,,56000000.000,,,,0.000,,,,
ProceedsFromEquityMethodInvestmentDividendsOrDistributionsReturnOfCapital,,,,,,,,,,,,,,,,,,,,,25000000.000,,,,20000000.000
ProceedsFromIssuanceOfLongTermDebt,,,,,150000000.000,,,,303000000.000,,,,1407000000.000,,,,81000000.000,,,,18000000.000,,,,50000000.000
ProceedsFromLinesOfCredit,0.000,,,,,,,,,,,,,,,,,,,,,,,,
ProceedsFromMaturitiesPrepaymentsAndCallsOfAvailableForSaleSecurities,200100000.000,,,,98500000.000,,,,79000000.000,,,,72000000.000,,,,75000000.000,,,,114000000.000,,,,154000000.000
ProceedsFromMinorityShareholders,,,,,,,,,,,,,,,,,0.000,,,,,,,,
ProceedsFromSaleAndMaturityOfOtherInvestments,,,,,,,,,,,,,,,,,,0.000,0.000,,,36000000.000,0.000,,
ProceedsFromSaleMaturityAndCollectionsOfInvestments,,,,,,,,,,335000000.000,142000000.000,,331000000.000,285000000.000,286000000.000,,262000000.000,317000000.000,400000000.000,206000000.000,158000000.000,236000000.000,156000000.000,175000000.000,268000000.000
ProceedsFromSaleOfAvailableForSaleSecurities,212000000.000,,,,147800000.000,,,,169000000.000,,,,257000000.000,,,,173000000.000,,,,69000000.000,,,,105000000.000
ProceedsFromSaleOfEquityMethodInvestments,,,,,,,,,,,,,,,,,,,,,0.000,0.000,0.000,,
ProceedsFromSaleOfOtherAssets1,,,,,,,,,,,,,,,,,,,0.000,,0.000,0.000,0.000,6000000.000,0.000
ProceedsFromSaleOfOtherProductiveAssets,,,,,,,,,,,,,,,,,,,,,0.000,,,,
ProceedsFromSaleOfProductiveAssets,1700000.000,,,,2300000.000,,,,0.000,,,,2000000.000,,,,14000000.000,,,,,,,,
ProceedsFromStockOptionsExercised,2000000.000,,,,20300000.000,,,,4000000.000,,,,9000000.000,,,,11000000.000,,,,5000000.000,,,,2000000.000
ProfitLoss,44100000.000,83000000.000,76900000.000,175100000.000,77200000.000,146900000.000,234300000.000,153300000.000,89000000.000,146000000.000,100000000.000,84000000.000,-73000000.000,105000000.000,88000000.000,399000000.000,100000000.000,170000000.000,138000000.000,153000000.000,84000000.000,206000000.000,169000000.000,233000000.000,81000000.000
RealizedGainLossOnMarketableSecuritiesCostMethodInvestmentsAndOtherInvestments,,,,,,,,,,,,,,,,,,-9000000.000,-10000000.000,,-6000000.000,15000000.000,-4000000.000,-7000000.000,-1000000.000
RealizedInvestmentGainsLosses,19900000.000,1900000.000,-6100000.000,-9000000.000,4000000.000,66100000.000,122500000.000,-5700000.000,-4000000.000,5000000.000,4000000.000,7000000.000,2000000.000,-1000000.000,-7000000.000,-7000000.000,0.000,0.000,0.000,,,15000000.000,0.000,,
RelatedPartyTransactionExpensesFromTransactionsWithRelatedParty,,9100000.000,8200000.000,,9000000.000,7600000.000,8100000.000,,8000000.000,8000000.000,9000000.000,,,,,,,,,,,,,,
RelatedPartyTransactionOtherRevenuesFromTransactionsWithRelatedParty,,1300000.000,1100000.000,,1200000.000,1200000.000,1300000.000,,1000000.000,2000000.000,1000000.000,,,,,,,,,,,,,,
RelatedPartyTransactionRevenuesFromTransactionsWithRelatedParty,,0.000,0.000,,,,,,,,,,,,,,,,,,,,,,
RepaymentsOfLongTermDebt,0.000,,,,,,,,294000000.000,,,,479000000.000,,,,2000000.000,,,,73000000.000,,,,69000000.000
RevenueOtherManufacturedProducts,,,,,,,143000000.000,,284000000.000,284000000.000,266000000.000,293000000.000,302000000.000,300000000.000,290000000.000,,,,,,,,,,
Revenues,1208200000.000,1324500000.000,1240000000.000,1066900000.000,1189900000.000,1736900000.000,2039900000.000,2235000000.000,2050000000.000,2279000000.000,2174000000.000,2062000000.000,2089000000.000,2359000000.000,2383000000.000,1193000000.000,2061000000.000,2395000000.000,2392000000.000,2284000000.000,2048000000.000,2482000000.000,2517000000.000,2507000000.000,2217000000.000
RevenuesFromExternalCustomers,,1282900000.000,1208600000.000,,1149500000.000,1633800000.000,1882000000.000,2205600000.000,2021000000.000,,,,,,,,,,,,,,,,
SalesRevenueNet,1152200000.000,1282900000.000,1208600000.000,1046500000.000,1149500000.000,1633800000.000,1882000000.000,2205600000.000,2021000000.000,2237000000.000,2141000000.000,2025000000.000,2057000000.000,2325000000.000,2361000000.000,1168000000.000,2030000000.000,2363000000.000,2362000000.000,2254000000.000,2018000000.000,2430000000.000,2488000000.000,2474000000.000,2188000000.000
SalesRevenueServicesNet,,,,,,,,,,2237000000.000,2141000000.000,,2057000000.000,2325000000.000,2361000000.000,1168000000.000,2030000000.000,2372000000.000,2372000000.000,2248000000.000,2024000000.000,2430000000.000,2492000000.000,2481000000.000,2189000000.000
ShareBasedCompensation,6500000.000,,,,5600000.000,,,,7000000.000,,,,12000000.000,,,,13000000.000,,,,14000000.000,,,,10000000.000
StockIssuedDuringPeriodValueAcquisitions,,,,,,,,,,,,,839000000.000,,,,,,,,,,,,
StockIssuedDuringPeriodValueStockOptionsExercised,2000000.000,,,,20300000.000,,,,4000000.000,,,,9000000.000,,,,11000000.000,,,,5000000.000,,,,2000000.000
StockRepurchasedDuringPeriodValue,-11200000.000,,,,,,,,,,,,,,,,,,,,,,,,
SupplementalInformationForPropertyCasualtyInsuranceUnderwritersCurrentYearClaimsAndClaimsAdjustmentExpense,,,,,,,,,,,,,,,,,,,,,,,,,51000000.000
SupplementalInformationForPropertyCasualtyInsuranceUnderwritersPriorYearClaimsAndClaimsAdjustmentExpense,,,,,,,,,,,,,,,,,,,,,,,,,1000000.000
TaxBenefitFromStockOptionsExercised,,,,,4700000.000,,,,,,,,,,,,,,,,,,,,
TreasuryStockValueAcquiredCostMethod,,,,,,,,,-34000000.000,,,,,,,,191000000.000,,,,95000000.000,,,,
WeightedAverageNumberOfDilutedSharesOutstanding,223600000.000,224500000.000,222000000.000,-447400000.000,223300000.000,225400000.000,226000000.000,-448700000.000,231000000.000,229000000.000,230000000.000,-455000000.000,282000000.000,283000000.000,0.000,,,,,,,,,,
WeightedAverageNumberOfSharesOutstandingBasic,220700000.000,220700000.000,217700000.000,-440100000.000,218800000.000,220500000.000,221300000.000,-439400000.000,225000000.000,225000000.000,226000000.000,-446000000.000,274000000.000,275000000.000,0.000,-411000000.000,,,,,,,,,
