,2011-03-31,2011-06-30,2011-09-30,2012-03-31,2012-06-30,2012-09-30,2012-12-31,2013-03-31,2013-06-30,2013-09-30,2013-12-31,2014-03-31,2014-06-30,2014-09-30,2014-12-31,2015-03-31
AccrualForEnvironmentalLossContingenciesProvisionForNewLosses,,,,,,,,,,,,0.000,,,,
AdjustmentsToAdditionalPaidInCapitalIncreaseInCarryingAmountOfRedeemablePreferredStock,48000.000,,,1052000.000,,,,,,,,,,,,
AllocatedShareBasedCompensationExpense,,800000.000,700000.000,,,,,,,,,,,,,
BusinessAcquisitionEquityInterestsIssuedOrIssuableNumberOfSharesIssued,,,,,,,,,,,,6274483.000,6274483.000,6274483.000,-12548966.000,
BusinessAcquisitionProFormaEarningsPerShareBasic,,,,,,,,,,,,-0.100,-0.050,0.230,-0.840,
BusinessAcquisitionProFormaEarningsPerShareDiluted,,,,,,,,,,,,-0.100,-0.050,0.230,-0.840,
BusinessAcquisitionsProFormaNetIncomeLoss,,,,,,,,,,,,-29000000.000,-18000000.000,103000000.000,-308000000.000,
BusinessAcquisitionsProFormaRevenue,,,,,,,,,,,,1145000000.000,1178000000.000,1483000000.000,1974000000.000,
CapitalExpendituresIncurredButNotYetPaid,,,,,,,,62000000.000,,,,24000000.000,,,,80000000.000
CashAndCashEquivalentsPeriodIncreaseDecrease,,,,65316000.000,,,,-9000000.000,,,,-6000000.000,,,,35000000.000
ComprehensiveIncomeNetOfTax,,,,32166000.000,30837000.000,-1568000.000,,-5000000.000,10000000.000,39000000.000,-25000000.000,9000000.000,-8000000.000,103000000.000,-261000000.000,-7000000.000
ComprehensiveIncomeNetOfTaxAttributableToNoncontrollingInterest,,,,399000.000,649000.000,379000.000,,0.000,1000000.000,3000000.000,4000000.000,3000000.000,4000000.000,4000000.000,4000000.000,4000000.000
ComprehensiveIncomeNetOfTaxIncludingPortionAttributableToNoncontrollingInterest,,,,32565000.000,31486000.000,-1189000.000,,-5000000.000,11000000.000,42000000.000,-21000000.000,12000000.000,-4000000.000,107000000.000,-257000000.000,-3000000.000
ConstructionInProgressExpendituresIncurredButNotYetPaid,,,,36080000.000,,,,,,,,,,,,
CostOfGoodsAndServicesEnergyCommoditiesAndServices,,,,,,,,,,477000000.000,,638000000.000,828000000.000,1051000000.000,,641000000.000
CostOfGoodsSold,,,,,,,,229000000.000,445000000.000,,,,,,,
CostsAndExpenses,,,,347871000.000,288963000.000,308930000.000,,340000000.000,605000000.000,641000000.000,880000000.000,841000000.000,1143000000.000,1339000000.000,1645000000.000,968000000.000
CostsAndExpensesRelatedParty,,,,5877000.000,2697000.000,4391000.000,,4000000.000,23000000.000,8000000.000,21000000.000,10000000.000,16000000.000,19000000.000,21000000.000,19000000.000
DepreciationAmortizationAndAccretionNet,,,,54491000.000,,,,50000000.000,,,,97000000.000,,,,158000000.000
DepreciationAndAmortization,,,,51506000.000,45132000.000,45881000.000,,48000000.000,68000000.000,74000000.000,97000000.000,94000000.000,168000000.000,122000000.000,157000000.000,158000000.000
DerivativeInstrumentsGainLossRecognizedInOtherComprehensiveIncomeEffectivePortionNet,,,,,,,,,,0.000,,,,,,
DistributionsPerLimitedPartnershipUnitOutstanding,,0.450,0.455,0.460,0.460,0.460,,0.460,0.465,0.470,0.475,0.480,0.490,0.502,0.503,0.000
EnvironmentalRemediationExpense,,,,,,,,,,,,0.000,,,,0.000
EquityMethodInvestmentDividendsOrDistributions,,,,29012000.000,,,,36000000.000,,,,43000000.000,,,,52000000.000
FairValueMeasurementWithUnobservableInputsReconciliationRecurringBasisLiabilityGainLossIncludedInEarnings,,,,496000.000,,,,-14000000.000,,,,1000000.000,,,,-2000000.000
GainLossOnDerivativeInstrumentsNetPretax,,,,,,,,,,-10000000.000,,-13000000.000,-5000000.000,18000000.000,93000000.000,11000000.000
GainLossOnDispositionOfAssets,,,,-36000.000,-1548000.000,42000.000,,-1000000.000,-1000000.000,1000000.000,-1000000.000,2000000.000,0.000,-1000000.000,0.000,0.000
GainLossOnDispositionOfProperty,,,,-36000.000,,,,-1000000.000,,,,,,,,
GainsLossesOnExtinguishmentOfDebt,,,,,-7820000.000,0.000,,,-7000000.000,0.000,,,0.000,2000000.000,,
GasGatheringTransportationMarketingAndProcessingCosts,,,,239653000.000,186815000.000,206881000.000,,,,,,,,,,
GasGatheringTransportationMarketingAndProcessingRevenue,,,,100314000.000,95265000.000,101410000.000,,109000000.000,131000000.000,147000000.000,158000000.000,172000000.000,227000000.000,283000000.000,307000000.000,315000000.000
GeneralAndAdministrativeExpense,,,,15695000.000,16476000.000,14935000.000,,17000000.000,18000000.000,13000000.000,40000000.000,33000000.000,54000000.000,36000000.000,35000000.000,36000000.000
IncomeLossFromContinuingOperationsBeforeIncomeTaxesDomestic,,,,28951000.000,29365000.000,-1454000.000,,-7000000.000,10000000.000,44000000.000,-21000000.000,11000000.000,-3000000.000,111000000.000,-258000000.000,2000000.000
IncomeLossFromContinuingOperationsBeforeIncomeTaxesExtraordinaryItemsNoncontrollingInterest,,,,,29365000.000,-1454000.000,,,,,,,,,,
IncomeLossFromContinuingOperationsPerDilutedShare,,0.070,0.090,,,,,,,,,,,,,
IncomeLossFromEquityMethodInvestments,,,,31958000.000,34185000.000,21055000.000,,35000000.000,31000000.000,37000000.000,32000000.000,43000000.000,47000000.000,53000000.000,52000000.000,50000000.000
IncomeLossFromEquityMethodInvestmentsNetOfDividendsOrDistributions,,,,33420000.000,,,,35000000.000,,,,43000000.000,,,,50000000.000
IncomeTaxExpenseBenefit,,,,51000.000,38000.000,0.000,,-2000000.000,-1000000.000,2000000.000,0.000,-1000000.000,1000000.000,4000000.000,-1000000.000,5000000.000
IncreaseDecreaseInAccountsPayableAndAccruedLiabilities,,,,-33546000.000,,,,-4000000.000,,,,48000000.000,,,,-149000000.000
IncreaseDecreaseInAccountsReceivable,,,,-7348000.000,,,,8000000.000,,,,21000000.000,,,,-64000000.000
IncreaseDecreaseInOtherOperatingAssets,,,,723000.000,,,,-13000000.000,,,,-35000000.000,,,,-35000000.000
IncreaseDecreaseInOtherOperatingCapitalNet,,,,116000.000,,,,1000000.000,,,,1000000.000,,,,-2000000.000
IncreaseDecreaseInOtherOperatingLiabilities,,,,5384000.000,,,,,,,,,,,,
IncrementalCommonSharesAttributableToConversionOfPreferredStock,,,,,,,,,,2047571.000,,,,,,
IncrementalCommonSharesAttributableToShareBasedPaymentArrangements,,,,,,,,,,435606.000,,,,,,
IncrementalCommonSharesAttributableToWrittenPutOptions,,,,,,,,,,32489.000,,,,,,
InterestExpense,,,,29557000.000,27934000.000,28567000.000,,37000000.000,41000000.000,41000000.000,45000000.000,56000000.000,78000000.000,86000000.000,84000000.000,82000000.000
InterestPaidNet,,,,,,,,,,,,29000000.000,,,,64000000.000
LimitedPartnersCapitalAccountDistributionAmount,,,,,,,,,,0.445,,,,,,
MinorityInterestDecreaseFromDistributionsToNoncontrollingInterestHolders,,,,,,,,,,,,-8000000.000,,,,31000000.000
NaturalGasMidstreamRevenue,,,,80895000.000,64042000.000,82437000.000,,104000000.000,220000000.000,213000000.000,289000000.000,335000000.000,475000000.000,549000000.000,544000000.000,374000000.000
NetCashProvidedByUsedInFinancingActivities,,,,139084000.000,,,,106000000.000,,,,261000000.000,,,,436000000.000
NetCashProvidedByUsedInFinancingActivitiesContinuingOperations,,,,139084000.000,,,,106000000.000,,,,261000000.000,,,,436000000.000
NetCashProvidedByUsedInInvestingActivities,,,,-129835000.000,,,,-182000000.000,,,,-454000000.000,,,,-523000000.000
NetCashProvidedByUsedInInvestingActivitiesContinuingOperations,,,,-129835000.000,,,,-182000000.000,,,,-454000000.000,,,,-523000000.000
NetCashProvidedByUsedInOperatingActivities,,,,56067000.000,,,,67000000.000,,,,187000000.000,,,,122000000.000
NetCashProvidedByUsedInOperatingActivitiesContinuingOperations,,,,56067000.000,,,,67000000.000,,,,187000000.000,,,,122000000.000
NetIncomeLoss,,,,28501000.000,28678000.000,-1833000.000,,-5000000.000,10000000.000,39000000.000,-25000000.000,9000000.000,-8000000.000,103000000.000,-261000000.000,-7000000.000
NetIncomeLossAllocatedToGeneralPartners,,,,-2488000.000,-2505000.000,-2019000.000,,-2000000.000,-3000000.000,-3000000.000,,-5000000.000,-7000000.000,-10000000.000,-9000000.000,0.000
NetIncomeLossAllocatedToLimitedPartners,,,,23016000.000,24053000.000,-5977000.000,-14092000.000,-9000000.000,13000000.000,33000000.000,-3000000.000,1000000.000,-18000000.000,91000000.000,-273000000.000,-10000000.000
NetIncomeLossAttributableToNoncontrollingInterest,,,,399000.000,649000.000,379000.000,,0.000,1000000.000,3000000.000,4000000.000,3000000.000,4000000.000,4000000.000,4000000.000,4000000.000
NetIncomeLossAvailableToCommonStockholdersDiluted,,,,23016000.000,18264000.000,-5977000.000,-13303000.000,-9000000.000,13000000.000,10000000.000,20000000.000,1000000.000,-18000000.000,91000000.000,-273000000.000,-10000000.000
NetIncomeLossNetOfTaxPerOutstandingLimitedPartnershipUnitDiluted,,,,,,,,,,,,0.000,-0.050,0.230,,-0.020
NetIncomeLossPerOutstandingLimitedPartnershipUnitBasicNetOfTax,,,,,,,,,,,,0.000,-0.050,0.230,,-0.020
NoncashOrPartNoncashAcquisitionDebtAssumed1,,,,,,,,,,,,1887000000.000,,,,0.000
OperatingCostsAndExpenses,,,,40981000.000,38992000.000,41275000.000,,45000000.000,73000000.000,78000000.000,100000000.000,78000000.000,93000000.000,129000000.000,148000000.000,133000000.000
OperatingIncomeLoss,,,,10028000.000,23013000.000,4952000.000,,9000000.000,34000000.000,24000000.000,-12000000.000,22000000.000,35000000.000,144000000.000,-218000000.000,31000000.000
OtherComprehensiveIncomeLossNetOfTax,,,,,,,,0.000,0.000,0.000,0.000,0.000,0.000,0.000,0.000,0.000
OtherComprehensiveIncomeLossNetOfTaxPeriodIncreaseDecrease,,,,3665000.000,2159000.000,265000.000,,,,,,,,,,
OtherComprehensiveIncomeLossReclassificationAdjustmentOnDerivativesIncludedInNetIncomeNetOfTax,,,,,,,,0.000,0.000,0.000,,,,,,
OtherComprehensiveIncomeReclassificationAdjustmentOnDerivativesIncludedInNetIncomeNetOfTax,3429000.000,,,-3665000.000,-2159000.000,-265000.000,,,,,,,,,,
OtherComprehensiveIncomeUnrealizedGainLossOnDerivativesArisingDuringPeriodNetOfTax,-16996000.000,,,0.000,0.000,0.000,,,0.000,,,,,,,
OtherNonoperatingIncomeExpense,,,,16522000.000,7921000.000,1106000.000,-41549000.000,-14000000.000,-7000000.000,24000000.000,4000000.000,2000000.000,-7000000.000,-2000000.000,19000000.000,3000000.000
OtherPreferredStockDividendsAndAdjustments,,,,2997000.000,2120000.000,2125000.000,,2000000.000,2000000.000,1000000.000,1000000.000,1000000.000,1000000.000,1000000.000,1000000.000,1000000.000
OtherSalesRevenueNet,,,,18595000.000,16698000.000,10616000.000,,13000000.000,29000000.000,29000000.000,34000000.000,38000000.000,59000000.000,78000000.000,50000000.000,45000000.000
PartnersCapitalAccountDistributions,63555000.000,,,-76139000.000,,,,-83000000.000,,,,-107000000.000,,,,-218000000.000
PartnersCapitalAccountPrivatePlacementOfUnits,,,,297302000.000,,,,,,,,,,,,
PartnersCapitalAccountUnitBasedCompensation,921000.000,,,1289000.000,,,,2000000.000,,,,2000000.000,,,,3000000.000
PaymentsOfDebtIssuanceCosts,,,,641000.000,,,,0.000,,,,16000000.000,,,,1000000.000
PaymentsOfDividendsMinorityInterest,,,,-5133000.000,,,,-11000000.000,,,,,,,,
PaymentsOfDividendsPreferredStockAndPreferenceStock,,,,1945000.000,,,,2000000.000,,,,1000000.000,,,,1000000.000
PaymentsToAcquireBusinessesNetOfCashAcquired,,,,,,,,,,,,213000000.000,,,,0.000
PaymentsToAcquireInterestInSubsidiariesAndAffiliates,,,,80540000.000,,,,43000000.000,,,,40000000.000,,,,90000000.000
PaymentsToAcquireMachineryAndEquipment,,,,,,,,14000000.000,14000000.000,,,,,,,
PaymentsToAcquireProductiveAssets,,,,75842000.000,,,,,,,,,,,,
PaymentsToAcquirePropertyPlantAndEquipment,,,,,,,,167000000.000,,,,215000000.000,,,,457000000.000
ProceedsFromIssuanceOfCommonLimitedPartnersUnits,,,,297302000.000,,,,0.000,,,,,,,,34000000.000
ProceedsFromIssuanceOfOtherLongTermDebt,,,,,,,,,,,,886000000.000,,,,0.000
ProceedsFromIssuanceOrSaleOfEquity,,,,,,,,,,,,34000000.000,,,,34000000.000
ProceedsFromMinorityShareholders,,,,,,,,11000000.000,,,,-8000000.000,,,,31000000.000
ProceedsFromRepaymentsOfBankOverdrafts,,,,-2507000.000,,,,1000000.000,,,,-8000000.000,,,,8000000.000
ProceedsFromRepaymentsOfSecuredDebt,,,,-82000000.000,,,,179000000.000,,,,-519000000.000,,,,583000000.000
ProceedsFromSaleOfProductiveAssets,,,,13058000.000,,,,12000000.000,,,,5000000.000,,,,3000000.000
ProceedsFromSaleOfPropertyPlantAndEquipment,,,,,,,,0.000,,,,,,,,
ProceedsFromStockOptionsExercised,,,,-119000.000,,,,,,,,,,,,
ProfitLoss,14305000.000,,,28900000.000,29327000.000,-1454000.000,,-5000000.000,11000000.000,42000000.000,-21000000.000,12000000.000,-4000000.000,107000000.000,-257000000.000,-3000000.000
RelatedPartyTransactionAmountsOfTransaction,,,,1478000.000,0.000,1000.000,,0.000,0.000,,,,,,,
RelatedPartyTransactionOtherRevenuesFromTransactionsWithRelatedParty,,,,,,,,,,0.000,,,,,,
RelatedPartyTransactionSellingGeneralAndAdministrativeExpensesFromTransactionsWithRelatedParty,,,,,,,,,,2000000.000,,,,,,
Revenues,,,,357899000.000,311976000.000,313882000.000,,349000000.000,639000000.000,665000000.000,868000000.000,863000000.000,1178000000.000,1483000000.000,1427000000.000,999000000.000
RevenuesFromExternalCustomers,,,,357899000.000,311976000.000,313882000.000,,349000000.000,639000000.000,665000000.000,,,,,,
RevenuesFromTransactionsWithOtherOperatingSegmentsOfSameEntity,,,,0.000,0.000,0.000,,0.000,0.000,0.000,,,,,,
SalesRevenueNet,,,,357899000.000,311976000.000,313882000.000,,349000000.000,639000000.000,665000000.000,868000000.000,863000000.000,1178000000.000,1483000000.000,1427000000.000,999000000.000
ShareBasedCompensation,,,,1289000.000,1000000.000,1200000.000,,2000000.000,1000000.000,2000000.000,2000000.000,2000000.000,3000000.000,3000000.000,2000000.000,4000000.000
TemporaryEquityAccretionToRedemptionValue,,,,1052000.000,,,,,,,,,,,,
UnrealizedGainLossOnDerivatives,,,,2588000.000,,,,-18000000.000,,,,-17000000.000,,,,-9000000.000
WeightedAverageLimitedPartnershipUnitsOutstanding,,,,158690035.000,170107060.000,170264621.000,-331568981.000,170952804.000,193065183.000,209559854.000,-377350493.000,226046232.000,361071005.000,397961321.000,-637008437.000,410670934.000
WeightedAverageLimitedPartnershipUnitsOutstandingDiluted,,147814986.000,150763885.000,159072714.000,175049407.000,170264621.000,-332001128.000,170952804.000,193421010.000,212075520.000,-377791188.000,228547568.000,361071005.000,398730303.000,-640278755.000,410670934.000
