,2011-03-31,2011-06-30,2011-09-30,2011-12-31,2012-03-31,2012-06-30,2012-09-30,2012-12-31,2013-03-31,2013-06-30,2013-09-30,2013-12-31,2014-03-31,2014-06-30,2014-09-30,2014-12-31,2015-03-31,2015-06-30,2015-09-30,2015-12-31,2016-03-31,2016-06-30,2016-09-30,2016-12-31,2017-03-31
AllowanceForFundsUsedDuringConstructionInvestingActivities,17289000.000,,,,25448000.000,,,,13672000.000,,,,15883000.000,,,,13077000.000,,,,19107000.000,,,,19254000.000
AssetImpairmentCharges,,,,,355500000.000,,,,,,,,,,,,,,,,,,,,
AssetRetirementObligationAccretionExpense,55265000.000,55497000.000,56467000.000,23366000.000,57903000.000,11942000.000,56796000.000,,59104000.000,59389000.000,60848000.000,,65799000.000,67250000.000,68370000.000,,69899000.000,68830000.000,68888000.000,,68628000.000,76625000.000,85266000.000,,114374000.000
AvailableForSaleSecuritiesGrossRealizedGains,4000000.000,4000000.000,12000000.000,9000000.000,12000000.000,11000000.000,8000000.000,8000000.000,6000000.000,16000000.000,3000000.000,66000000.000,6000000.000,6000000.000,11000000.000,16000000.000,26000000.000,19000000.000,13000000.000,14000000.000,10000000.000,10000000.000,6000000.000,6000000.000,9000000.000
AvailableForSaleSecuritiesGrossRealizedLosses,5000000.000,1000000.000,3000000.000,2000000.000,2000000.000,2000000.000,212000000.000,-209000000.000,2000000.000,1000000.000,4000000.000,4000000.000,2000000.000,1000000.000,2000000.000,3000000.000,2000000.000,1000000.000,4000000.000,6000000.000,3000000.000,2000000.000,1000000.000,7000000.000,5000000.000
AvailableForSaleSecuritiesGrossUnrealizedGains,598000000.000,,,,,,,,,,,,1345000000.000,,,,,,,,,,,,
AvailableForSaleSecuritiesGrossUnrealizedLoss,14000000.000,,,,,,,,,,,,16000000.000,,,,,,,,,,,,
AvailableForSaleSecuritiesIncomeTaxExpenseOnChangeInUnrealizedHoldingGainOrLoss,155000000.000,,,,199000000.000,,,,265000000.000,,,,335000000.000,,,,400000000.000,,,,361000000.000,,,,438000000.000
CashAndCashEquivalentsPeriodIncreaseDecrease,-568235000.000,,,,-9436000.000,,,,-269638000.000,,,,169357000.000,,,,-241480000.000,,,,-259310000.000,,,,-104782000.000
CashFlowHedgeGainLossToBeReclassifiedWithinTwelveMonths,86000000.000,,,,332000000.000,,,,5000000.000,,,,74000000.000,,,,88000000.000,,,,134000000.000,,,,5000000.000
CashPaidForCapitalizedInterest,164563000.000,,,,,,,,,,,,,,,,,,,,,,,,
CommonStockDividendsPerShareDeclared,0.830,0.830,0.830,0.830,0.830,0.830,0.830,0.830,0.830,0.830,0.830,0.830,0.830,0.830,0.830,0.830,0.830,0.830,0.830,0.850,0.850,0.850,0.850,0.870,0.870
CompetitiveEnergyRevenue,604186000.000,562350000.000,635513000.000,587688000.000,552810000.000,560171000.000,619643000.000,567970000.000,606273000.000,527117000.000,621046000.000,539798000.000,904160000.000,587339000.000,606016000.000,623710000.000,642590000.000,439306000.000,521746000.000,458185000.000,522079000.000,344110000.000,475345000.000,508104000.000,553367000.000
ComprehensiveIncomeNetOfTax,,,,,50436000.000,255737000.000,275892000.000,139977000.000,150825000.000,193078000.000,270623000.000,361135000.000,425296000.000,225653000.000,219353000.000,57436000.000,280620000.000,161764000.000,-794009000.000,226321000.000,250807000.000,528367000.000,435461000.000,-1842175000.000,128536000.000
ComprehensiveIncomeNetOfTaxIncludingPortionAttributableToNoncontrollingInterest,224713000.000,312618000.000,569888000.000,129913000.000,55379000.000,261319000.000,281474000.000,145560000.000,156407000.000,197410000.000,274955000.000,365559000.000,430175000.000,230551000.000,224232000.000,62316000.000,285499000.000,166643000.000,-789215000.000,231597000.000,256083000.000,533643000.000,440495000.000,-1838646000.000,131982000.000
CostOfPurchasedPower,362618000.000,451227000.000,475335000.000,275787000.000,284966000.000,345298000.000,336552000.000,288984000.000,373129000.000,485744000.000,392545000.000,302914000.000,574627000.000,517898000.000,465106000.000,357783000.000,342023000.000,322929000.000,449784000.000,276069000.000,262323000.000,242672000.000,375107000.000,340425000.000,357768000.000
DeferredIncomeTaxesAndTaxCredits,173784000.000,,,,38858000.000,,,,98671000.000,,,,234102000.000,,,,95732000.000,,,,75415000.000,,,,16497000.000
DefinedBenefitPlanContributionsByEmployer,,,,,,,,,,,,,,,,,396000000.000,,,,88200000.000,,,,84200000.000
DefinedBenefitPlansEstimatedFutureEmployerContributionsInCurrentFiscalYear,,,,,,,,,,,,,58300000.000,,,,78500000.000,,,,387500000.000,,,,
DepreciationAmortizationAndAccretionNet,422411000.000,,,,450009000.000,,,,472933000.000,,,,516442000.000,,,,526008000.000,,,,500248000.000,,,,531373000.000
DepreciationNonproduction,264885000.000,264206000.000,283581000.000,289530000.000,280215000.000,274755000.000,281740000.000,307875000.000,300876000.000,297516000.000,325149000.000,337503000.000,328724000.000,331742000.000,332079000.000,326093000.000,331986000.000,340354000.000,334841000.000,330095000.000,334273000.000,335668000.000,340399000.000,336847000.000,347265000.000
DerivativeInstrumentsGainLossReclassifiedFromAccumulatedOCIIntoIncomeEffectivePortionNet,29000000.000,32000000.000,48000000.000,59000000.000,71000000.000,101000000.000,61000000.000,35000000.000,-2000000.000,4000000.000,35000000.000,10000000.000,-195000000.000,,13000000.000,,,,,,,,,,
DividendsCommonStockCash,148530000.000,,,,147015000.000,,,,147820000.000,,,,148275000.000,,,,149257000.000,,,,151839000.000,,,,156073000.000
DividendsPreferredStockCash,3300000.000,,,,3300000.000,,,,3900000.000,,,,3200000.000,,,,3200000.000,,,,5300000.000,,,,3400000.000
EarningsPerShareBasic,1.390,1.770,3.550,0.880,-0.860,2.060,1.900,1.670,0.910,0.920,1.350,0.810,2.240,1.060,1.280,0.660,1.660,0.830,-4.040,0.560,1.290,3.170,2.170,-9.890,0.460
EarningsPerShareDiluted,1.380,1.760,3.530,0.880,-0.860,2.060,1.890,1.670,0.900,0.920,1.340,0.830,2.240,1.050,1.270,0.660,1.650,0.830,-4.040,0.570,1.280,3.160,2.160,-9.860,0.460
EffectOfExchangeRateOnCashAndCashEquivalents,-298000.000,,,,-310000.000,,,,772000.000,,,,0.000,,,,,,,,,,,,
ElectricUtilityRevenue,1865899000.000,2212038000.000,2733601000.000,1861979000.000,1784841000.000,1934550000.000,2320360000.000,1830898000.000,1949280000.000,2177210000.000,2704800000.000,2111070000.000,2226463000.000,2373842000.000,2824055000.000,2167542000.000,2217989000.000,2246148000.000,2825143000.000,2019398000.000,2042160000.000,2093331000.000,2624562000.000,2106606000.000,1991740000.000
FairValueMeasurementWithUnobservableInputsReconciliationRecurringBasisAssetGainLossIncludedInEarnings,-62000000.000,9000000.000,,,,,,,,,,,,,,,,,,,,,,,
FairValueMeasurementWithUnobservableInputsReconciliationRecurringBasisAssetGainLossIncludedInOtherComprehensiveIncomeLoss,,,,,,,,,,,,,-222000000.000,2000000.000,,,,,,,,,,,
FairValueMeasurementWithUnobservableInputsReconciliationRecurringBasisAssetPurchasesSalesIssuancesSettlements,-29000000.000,-32000000.000,,,,,,,,,,,,,,,,,,,,,,,
GainLossOnCashFlowHedgeIneffectivenessNet,,,6200000.000,,,,,,,,,,,,,,,,,,,,,,
GainLossOnDispositionOfAssets,,,,,,,,,,,,,,,,,,,,,,,,,16270000.000
GainLossOnPriceRiskCashFlowHedgeIneffectiveness,,,,,,,4500000.000,,-1300000.000,800000.000,1800000.000,-7300000.000,1000000.000,800000.000,-1000000.000,6200000.000,-1000000.000,2000000.000,-900000.000,50000.000,-1000000.000,-3000000.000,6400000.000,-2756000.000,-1000000.000
GasDomesticRegulatedRevenue,71123000.000,28891000.000,26439000.000,39366000.000,46008000.000,23879000.000,23557000.000,37392000.000,53321000.000,33881000.000,26113000.000,41038000.000,78220000.000,35469000.000,28039000.000,40066000.000,59511000.000,27777000.000,24517000.000,30941000.000,45613000.000,25121000.000,24796000.000,33818000.000,43351000.000
ImpairmentOfInvestments,0.000,0.000,0.000,140000.000,,,,,,,,,,,,,,,,,,,,,
ImpairmentOfLongLivedAssetsHeldForUse,0.000,,,,355524000.000,0.000,0.000,0.000,0.000,0.000,291505000.000,50032000.000,,,,,,,,,7361000.000,,,,145026000.000
IncomeLossFromContinuingOperationsBeforeIncomeTaxesMinorityInterestAndIncomeLossFromEquityMethodInvestments,417928000.000,471551000.000,513938000.000,250218000.000,-146902000.000,248382000.000,575173000.000,222565000.000,283518000.000,241168000.000,268735000.000,163132000.000,623019000.000,323024000.000,396681000.000,207130000.000,453400000.000,253503000.000,-1085898000.000,-420666000.000,375187000.000,323617000.000,651110000.000,-2731676000.000,93814000.000
IncomeTaxExpenseBenefit,164250000.000,150953000.000,-119131000.000,90191000.000,-162000.000,-122201000.000,232503000.000,-79285000.000,116536000.000,73113000.000,24553000.000,11779000.000,216966000.000,128743000.000,161765000.000,82123000.000,150471000.000,99781000.000,-367665000.000,-525514000.000,139945000.000,-248973000.000,257906000.000,-966137000.000,7763000.000
IncomeTaxesPaidNet,-4380000.000,,,,35992000.000,,,,12341000.000,,,,4196000.000,,,,65919000.000,,,,26382000.000,,,,-18044000.000
IncreaseDecreaseInAccountsPayable,-154398000.000,,,,-145599000.000,,,,-40861000.000,,,,32870000.000,,,,-153700000.000,,,,-67364000.000,,,,-47682000.000
IncreaseDecreaseInAccruedIncomeTaxesPayable,-63918000.000,,,,-89583000.000,,,,-35648000.000,,,,-79829000.000,,,,-67941000.000,,,,-15996000.000,,,,-58832000.000
IncreaseDecreaseInDeferredFuelCosts,66548000.000,,,,-77405000.000,,,,2149000.000,,,,161189000.000,,,,-81271000.000,,,,-97566000.000,,,,7389000.000
IncreaseDecreaseInFuelInventories,12508000.000,,,,20213000.000,,,,5147000.000,,,,-15940000.000,,,,22553000.000,,,,9089000.000,,,,-6465000.000
IncreaseDecreaseInInterestPayableNet,-67978000.000,,,,-32194000.000,,,,-30570000.000,,,,-24802000.000,,,,-42551000.000,,,,-27535000.000,,,,-13921000.000
IncreaseDecreaseInOtherOperatingCapitalNet,102294000.000,,,,34753000.000,,,,151958000.000,,,,115060000.000,,,,90619000.000,,,,95291000.000,,,,7324000.000
IncreaseDecreaseInPensionAndPostretirementObligations,-190958000.000,,,,-4764000.000,,,,32696000.000,,,,-46174000.000,,,,-52509000.000,,,,-89046000.000,,,,-86430000.000
IncreaseDecreaseInReceivables,-102711000.000,,,,-156202000.000,,,,29845000.000,,,,-49107000.000,,,,-22288000.000,,,,-76532000.000,,,,-156201000.000
IncreaseDecreaseInRegulatoryAssetsAndLiabilities,-48889000.000,,,,-60857000.000,,,,-167634000.000,,,,-18627000.000,,,,-93082000.000,,,,-56047000.000,,,,-47497000.000
IncrementalCommonSharesAttributableToShareBasedPaymentArrangements,1100000.000,1000000.000,700000.000,-1800000.000,500000.000,400000.000,400000.000,,100000.000,100000.000,100000.000,,0.000,200000.000,300000.000,,500000.000,200000.000,0.000,,100000.000,200000.000,300000.000,-600000.000,100000.000
InterestExpense,127600000.000,126899000.000,127588000.000,131540000.000,137354000.000,139133000.000,147797000.000,145000000.000,147961000.000,148977000.000,151051000.000,156048000.000,155531000.000,155811000.000,155818000.000,160347000.000,160220000.000,159816000.000,164060000.000,159373000.000,164129000.000,170499000.000,167195000.000,164547000.000,162047000.000
InterestExpenseDebt,,136049000.000,137301000.000,,146745000.000,149616000.000,155800000.000,154435000.000,153149000.000,155768000.000,157504000.000,163116000.000,162551000.000,164327000.000,164482000.000,169723000.000,166337000.000,165860000.000,171349000.000,166550000.000,173811000.000,177631000.000,174902000.000,174201000.000,171089000.000
InterestPaidCapitalized,,,,,134655000.000,,,,138217000.000,,,,181112000.000,,,,203786000.000,,,,251305000.000,,,,178134000.000
InvestmentIncomeInterestAndDividend,26747000.000,35921000.000,33238000.000,33228000.000,40992000.000,29285000.000,24490000.000,33009000.000,38306000.000,40541000.000,23430000.000,97023000.000,35248000.000,24245000.000,49547000.000,38646000.000,68133000.000,39705000.000,39054000.000,40170000.000,,,,,
InvestmentIncomeNet,,,,,,,,,,,,,,,,,,,,,32753000.000,46375000.000,37534000.000,28465000.000,56549000.000
LineOfCreditFacilityCommitmentFeePercentage,,,,,0.003,,,,0.003,,,,0.003,,,,0.003,,,,0.003,,,,0.002
MinorityInterestDecreaseFromDistributionsToNoncontrollingInterestHolders,5015000.000,,,,4943000.000,5582000.000,5582000.000,5583000.000,5582000.000,4332000.000,4332000.000,4424000.000,4879000.000,4898000.000,4879000.000,4880000.000,4879000.000,4879000.000,4794000.000,5276000.000,5276000.000,5276000.000,5034000.000,3529000.000,3446000.000
MinorityInterestInNetIncomeLossPreferredUnitHolders,5015000.000,5015000.000,5015000.000,5888000.000,4943000.000,5582000.000,5582000.000,5583000.000,5582000.000,,,,,,,,,,,,,,,,
NetCashProvidedByUsedInFinancingActivities,5787000.000,,,,139649000.000,,,,-152639000.000,,,,57799000.000,,,,-152559000.000,,,,1085896000.000,,,,177625000.000
NetCashProvidedByUsedInFinancingActivitiesContinuingOperations,5787000.000,,,,139649000.000,,,,-152639000.000,,,,57799000.000,,,,-152559000.000,,,,1085896000.000,,,,177625000.000
NetCashProvidedByUsedInInvestingActivities,-896825000.000,,,,-749275000.000,,,,-661760000.000,,,,-655599000.000,,,,-699879000.000,,,,-1878027000.000,,,,-811800000.000
NetCashProvidedByUsedInInvestingActivitiesContinuingOperations,-896825000.000,,,,-749275000.000,,,,-661760000.000,,,,-655599000.000,,,,-699879000.000,,,,-1878027000.000,,,,-811800000.000
NetCashProvidedByUsedInOperatingActivities,323101000.000,,,,600500000.000,,,,543989000.000,,,,767157000.000,,,,610958000.000,,,,532821000.000,,,,529393000.000
NetCashProvidedByUsedInOperatingActivitiesContinuingOperations,323101000.000,,,,600500000.000,,,,543989000.000,,,,767157000.000,,,,610958000.000,,,,532821000.000,,,,529393000.000
NetIncomeLoss,248663000.000,315583000.000,628054000.000,154139000.000,-151683000.000,365001000.000,337088000.000,296267000.000,161400000.000,163723000.000,239850000.000,146929000.000,401174000.000,189383000.000,230037000.000,120127000.000,298050000.000,148843000.000,-723027000.000,99572000.000,229966000.000,567314000.000,388170000.000,,82605000.000
NetIncomeLossAvailableToCommonStockholdersDiluted,248700000.000,315600000.000,628100000.000,154000000.000,-151700000.000,365000000.000,337100000.000,,,,,,,,,,,,,,,,,,
NoncontrollingInterestInNetIncomeLossPreferredUnitHoldersRedeemable,,,,,,,,,,4332000.000,4332000.000,,4879000.000,4898000.000,4879000.000,4880000.000,4879000.000,4879000.000,4794000.000,5276000.000,5276000.000,5276000.000,5034000.000,3529000.000,3446000.000
NonoperatingIncomeExpense,34637000.000,39712000.000,40617000.000,39062000.000,47309000.000,44531000.000,32118000.000,43363000.000,37434000.000,43633000.000,30892000.000,93632000.000,38673000.000,24358000.000,59640000.000,47801000.000,70851000.000,35936000.000,43178000.000,-6992000.000,41098000.000,51858000.000,46245000.000,31872000.000,81058000.000
OperatingExpenses,2030317000.000,2244541000.000,2794644000.000,2146337000.000,2440516000.000,2175616000.000,2272708000.000,2112058000.000,2214829000.000,2391696000.000,2963065000.000,2509927000.000,2468966000.000,2542173000.000,2965251000.000,2511642000.000,2377321000.000,2335848000.000,4336422000.000,2916862000.000,2111634000.000,2020304000.000,2352643000.000,5247529000.000,2429925000.000
OperatingIncomeLoss,510891000.000,558738000.000,600909000.000,342696000.000,-56857000.000,342984000.000,690852000.000,324202000.000,394045000.000,346512000.000,388894000.000,225548000.000,739877000.000,454477000.000,492859000.000,319676000.000,542769000.000,377383000.000,-965016000.000,-254301000.000,498218000.000,442258000.000,772060000.000,-2599001000.000,174803000.000
OtherComprehensiveIncomeAvailableForSaleSecuritiesTax,25340000.000,,,,49138000.000,-11749000.000,,,,,,,,,,,,,,,,,,,
OtherComprehensiveIncomeDefinedBenefitPlansTax,1093000.000,,,,3876000.000,10479000.000,,,,,,,,,,,,,,,,,,,
OtherComprehensiveIncomeDerivativesQualifyingAsHedgesNetOfTaxPeriodIncreaseDecrease,-58208000.000,-13516000.000,-12597000.000,155560000.000,145435000.000,-108090000.000,,,,,,,,,,,,,,,,,,,
OtherComprehensiveIncomeDerivativesQualifyingAsHedgesTaxEffectPeriodIncreaseDecrease,34635000.000,7208000.000,-9041000.000,1609000.000,75494000.000,-58275000.000,,,,,,,,,,,,,,,,,,,
OtherComprehensiveIncomeForeignCurrencyTransactionAndTranslationGainLossArisingDuringPeriodNetOfTax,299000.000,11000.000,108000.000,-61000.000,311000.000,-209000.000,315000.000,91000.000,-772000.000,19000.000,706000.000,290000.000,75000.000,320000.000,-662000.000,-484000.000,-551000.000,667000.000,-469000.000,-288000.000,-284000.000,-904000.000,-92000.000,0.000,0.000
OtherComprehensiveIncomeForeignCurrencyTranslationAdjustmentTax,161000.000,6000.000,59000.000,-34000.000,167000.000,-113000.000,,,,,,,,,,,,,,,,,,,
OtherComprehensiveIncomeLossAvailableForSaleSecuritiesTax,,,,,,,29657000.000,,54311000.000,-9325000.000,20819000.000,53073000.000,5748000.000,29580000.000,-3501000.000,34767000.000,3666000.000,-30292000.000,-51295000.000,32017000.000,18358000.000,19515000.000,20635000.000,-1231000.000,39294000.000
OtherComprehensiveIncomeLossBeforeReclassificationsNetOfTax,,,,,,,,,,,,,,,,,-8776000.000,64355000.000,-19609000.000,-151483000.000,115055000.000,-11026000.000,68109000.000,-44210000.000,72480000.000
OtherComprehensiveIncomeLossDerivativesQualifyingAsHedgesNetOfTax,,,,,,,-106138000.000,,-75975000.000,27590000.000,-31663000.000,-81634000.000,13754000.000,-6744000.000,-2488000.000,175373000.000,-29330000.000,38696000.000,-23984000.000,22470000.000,-9506000.000,-64041000.000,20972000.000,-49402000.000,-528000.000
OtherComprehensiveIncomeLossDerivativesQualifyingAsHedgesTax,,,,,,,-57231000.000,,-41135000.000,14531000.000,-17199000.000,-44137000.000,7225000.000,-3772000.000,-1540000.000,94228000.000,-15898000.000,20706000.000,-13010000.000,11954000.000,-5201000.000,-34576000.000,11172000.000,-26693000.000,-359000.000
OtherComprehensiveIncomeLossForeignCurrencyTranslationAdjustmentTax,,,,,,,170000.000,,-416000.000,11000.000,380000.000,156000.000,40000.000,172000.000,-356000.000,-260000.000,-296000.000,359000.000,-253000.000,-155000.000,-153000.000,-487000.000,-48000.000,-1000.000,0.000
OtherComprehensiveIncomeLossNetOfTax,,,,,,,-61196000.000,,-10575000.000,29355000.000,30773000.000,214206000.000,24122000.000,36270000.000,-10684000.000,-62691000.000,-17430000.000,12921000.000,-70982000.000,126749000.000,20841000.000,-38947000.000,47291000.000,-73107000.000,45931000.000
OtherComprehensiveIncomeLossNetOfTaxPeriodIncreaseDecrease,,,,,202119000.000,-109264000.000,,,,,,,,,,,,,,,,,,,
OtherComprehensiveIncomeLossPensionAndOtherPostretirementBenefitPlansTax,,,,,,,3643000.000,,5869000.000,5885000.000,10301000.000,198844000.000,17761000.000,1822000.000,1345000.000,-173691000.000,3175000.000,4165000.000,4166000.000,50070000.000,258000.000,2779000.000,4064000.000,-11053000.000,6377000.000
OtherComprehensiveIncomeMinimumPensionLiabilityNetAdjustmentNetOfTax,-4259000.000,-2339000.000,-2657000.000,232345000.000,-6266000.000,-17060000.000,,,,,,,,,,,,,,,,,,,
OtherComprehensiveIncomeMinimumPensionLiabilityNetAdjustmentTax,,1964000.000,1647000.000,,,,,,,,,,,,,,,,,,,,,,
OtherComprehensiveIncomeUnrealizedHoldingGainLossOnSecuritiesArisingDuringPeriodNetOfTax,24685000.000,3186000.000,-53349000.000,46732000.000,50107000.000,-18025000.000,38430000.000,-6903000.000,56377000.000,-8033000.000,46300000.000,28065000.000,22989000.000,39235000.000,-10490000.000,37705000.000,4003000.000,-33880000.000,-53966000.000,24705000.000,23069000.000,20955000.000,21367000.000,-3214000.000,37827000.000
OtherComprehensiveIncomeUnrealizedHoldingGainLossOnSecuritiesArisingDuringPeriodTax,,3386000.000,-52740000.000,,,,,,,,,,,,,,,,,,,,,,
OtherNoncashExpense,-18991000.000,,,,-49479000.000,,,,147223000.000,,,,-101883000.000,,,,-97670000.000,,,,-226036000.000,,,,
OtherNoncashIncomeExpense,,,,,,,,,,,,,,,,,,,,,,,,,199514000.000
OtherNonoperatingIncomeExpense,-9399000.000,-16962000.000,-14137000.000,-18773000.000,-17990000.000,-13036000.000,-10768000.000,-11420000.000,-13623000.000,-13157000.000,-10214000.000,-22768000.000,-11704000.000,-14675000.000,-6644000.000,-8993000.000,-9020000.000,-15743000.000,-10005000.000,-61229000.000,-10587000.000,-8377000.000,-6740000.000,-15913000.000,5501000.000
PaymentsForCapitalImprovements,486561000.000,,,,563539000.000,,,,631857000.000,,,,483350000.000,,,,532958000.000,,,,636011000.000,,,,794448000.000
PaymentsForNuclearFuel,,,,,,,,,,,,,142672000.000,,,,96392000.000,,,,85819000.000,,,,137613000.000
PaymentsForProceedsFromOtherInvestingActivities,21212000.000,,,,-93786000.000,,,,44298000.000,,,,-18093000.000,,,,-278000.000,,,,196509000.000,,,,10377000.000
PaymentsForRepurchaseOfCommonStock,54404000.000,,,,0.000,,,,0.000,,,,,,,,25078000.000,,,,0.000,,,,
PaymentsOfDividendsCommonStock,148678000.000,,,,146674000.000,,,,147902000.000,,,,148275000.000,,,,149257000.000,,,,151839000.000,,,,156073000.000
PaymentsOfDividendsPreferredStockAndPreferenceStock,5015000.000,,,,5582000.000,,,,5582000.000,,,,4873000.000,,,,4879000.000,,,,5276000.000,,,,3446000.000
PaymentsToAcquireOtherPropertyPlantAndEquipment,,,,,,,,,0.000,,,,,,,,,,,,,,,,
PaymentsToAcquirePropertyPlantAndEquipment,,,,,,,,,,,,,,,,,,,,,947778000.000,,,,0.000
PaymentsToAcquireRestrictedInvestments,1736000.000,,,,1483000.000,,,,2219000.000,,,,1897000.000,,,,1865000.000,,,,367000.000,,,,480000.000
PaymentsToInvestInDecommissioningFund,530672000.000,,,,567780000.000,,,,432247000.000,,,,562278000.000,,,,516564000.000,,,,758665000.000,,,,556161000.000
ProceedsFromDecommissioningFund,492682000.000,,,,535551000.000,,,,398010000.000,,,,536515000.000,,,,492841000.000,,,,729414000.000,,,,513750000.000
ProceedsFromInsuranceSettlementInvestingActivities,,,,,,,,,,,,,28226000.000,,,,12745000.000,,,,0.000,,,,20909000.000
ProceedsFromIssuanceOfLongTermDebt,411444000.000,,,,1034945000.000,,,,564717000.000,,,,753244000.000,,,,488065000.000,,,,2869808000.000,,,,236198000.000
ProceedsFromIssuanceOfPreferredStockAndPreferenceStock,,,,,51000000.000,,,,0.000,,,,,,,,,,,,,,,,
ProceedsFromIssuanceOrSaleOfEquity,12280000.000,,,,32826000.000,,,,8102000.000,,,,35538000.000,,,,23156000.000,,,,5787000.000,,,,2448000.000
ProceedsFromPaymentsForOtherFinancingActivities,,,,,,,,,,,,,,,,,-9320000.000,,,,-644000.000,,,,1810000.000
ProceedsFromSaleOfAvailableForSaleSecuritiesDebt,493000000.000,144000000.000,417000000.000,306000000.000,536000000.000,409000000.000,472000000.000,657000000.000,398000000.000,382000000.000,284000000.000,968000000.000,537000000.000,445000000.000,465000000.000,425000000.000,493000000.000,456000000.000,539000000.000,1004000000.000,729000000.000,504000000.000,564000000.000,612000000.000,514000000.000
ProceedsFromSaleOfProductiveAssets,,,,,,,,,0.000,,,,10100000.000,,,,0.000,,,,,,,,100000000.000
ProceedsFromSaleOfRestrictedInvestments,,,,,861000.000,,,,252482000.000,,,,0.000,,,,,,,,,,,,8836000.000
ProfitLoss,253678000.000,320598000.000,633069000.000,160027000.000,-146740000.000,370583000.000,342670000.000,301850000.000,166982000.000,168055000.000,244182000.000,151353000.000,406053000.000,194281000.000,234916000.000,125007000.000,302929000.000,153722000.000,-718233000.000,104848000.000,235242000.000,572590000.000,393204000.000,-1765539000.000,86051000.000
ProvisionForOtherLosses,-779000.000,,,,-15030000.000,,,,-245972000.000,,,,3319000.000,,,,1334000.000,,,,-3968000.000,,,,-4031000.000
PublicUtilitiesAllowanceForFundsUsedDuringConstructionCapitalizedCostOfEquity,17289000.000,20753000.000,21516000.000,24747000.000,24307000.000,28282000.000,18396000.000,21774000.000,12751000.000,16249000.000,17676000.000,19377000.000,15129000.000,14788000.000,16737000.000,18148000.000,11738000.000,11974000.000,14129000.000,14067000.000,18932000.000,13860000.000,15451000.000,19320000.000,19008000.000
PublicUtilitiesAllowanceForFundsUsedDuringConstructionCapitalizedInterest,-8534000.000,-9150000.000,-9713000.000,-10497000.000,-9391000.000,-10483000.000,-8003000.000,-9435000.000,-5188000.000,-6791000.000,-6453000.000,-7068000.000,-7020000.000,-8516000.000,-8664000.000,-9376000.000,-6117000.000,-6044000.000,-7289000.000,-7177000.000,-9682000.000,7132000.000,7707000.000,29018000.000,9042000.000
ReclassificationFromAccumulatedOtherComprehensiveIncomeCurrentPeriodNetOfTax,,,,,,,,,,,,,,,,,8654000.000,51434000.000,51373000.000,-278232000.000,94214000.000,27921000.000,20818000.000,28897000.000,26549000.000
RepaymentsOfLongTermDebt,278084000.000,,,,859648000.000,,,,849860000.000,,,,735794000.000,,,,685258000.000,,,,1903670000.000,,,,811690000.000
RestructuringCharges,,,,,,,,,,,,,,,,,,,,,,,,,24000000.000
Revenues,,,3395553000.000,,2383659000.000,2518600000.000,2963560000.000,2436260000.000,2608874000.000,2738208000.000,3351959000.000,,3208843000.000,2996650000.000,3458110000.000,,2920090000.000,2713231000.000,3371406000.000,,2609852000.000,2462562000.000,3124703000.000,,2588458000.000
SalesRevenueNet,,,3395553000.000,,2383659000.000,2518600000.000,2963560000.000,2436260000.000,2608874000.000,2738208000.000,3351959000.000,,3208843000.000,2996650000.000,3458110000.000,,2920090000.000,2713231000.000,3371406000.000,,2609852000.000,2462562000.000,3124703000.000,,2588458000.000
SegmentReportingInformationIncomeTaxExpenseBenefit,164250000.000,150953000.000,,,,,,,,,,,,,,,,,,,,,,,
SegmentReportingInformationProfitLoss,253678000.000,320598000.000,,,,,,,,,,,,,,,,,,,,,,,
SegmentReportingInformationRevenueFromExternalCustomers,2541208000.000,2803279000.000,,,,,,,,,,,,,,,,,,,,,,,
ShareBasedCompensationArrangementByShareBasedPaymentAwardOptionsGrantsInPeriod,388200.000,,,,552400.000,,,,600700.000,,,,611700.000,,,,456100.000,,,,696900.000,,,,791900.000
ShareBasedCompensationArrangementByShareBasedPaymentAwardOptionsGrantsInPeriodWeightedAverageGrantDateFairValue,11.480,,,,9.420,,,,8.000,,,,8.710,,,,11.410,,,,7.400,,,,6.540
StockIssuedDuringPeriodValueShareBasedCompensation,21974000.000,,,,49569000.000,,,,12982000.000,,,,38941000.000,,,,19969000.000,,,,5188000.000,,,,2917000.000
TaxesExcludingIncomeAndExciseTaxes,125234000.000,129215000.000,152044000.000,129533000.000,137170000.000,138111000.000,149049000.000,132968000.000,151095000.000,144888000.000,156950000.000,147417000.000,154468000.000,152736000.000,159735000.000,137667000.000,157523000.000,156378000.000,158134000.000,147387000.000,149778000.000,149249000.000,149076000.000,144399000.000,156353000.000
TreasuryStockSharesAcquired,792000.000,,,,,,,,,,,,,,,,325400.000,,,,,,,,
TreasuryStockValueAcquiredCostMethod,54404000.000,,,,0.000,,,,,,,,,,,,25100000.000,,,,,,,,
UnrealizedGainLossOnCashFlowHedgingInstruments,77000000.000,,,,,,,,15000000.000,,,,98000000.000,,,,111000000.000,,,,152000000.000,,,,8000000.000
UtilitiesOperatingExpenseFuelUsed,507693000.000,563333000.000,849982000.000,571706000.000,538837000.000,437157000.000,596270000.000,464571000.000,510333000.000,489608000.000,818254000.000,627623000.000,543829000.000,604081000.000,858901000.000,625747000.000,630453000.000,549702000.000,739449000.000,532567000.000,504967000.000,381465000.000,460990000.000,461778000.000,417566000.000
UtilitiesOperatingExpenseMaintenanceAndOperations,655748000.000,712496000.000,708821000.000,790693000.000,721635000.000,772881000.000,765242000.000,785634000.000,754258000.000,844195000.000,839348000.000,894133000.000,737980000.000,816609000.000,841939000.000,914008000.000,770110000.000,827872000.000,852385000.000,904614000.000,731915000.000,759258000.000,833176000.000,972362000.000,867546000.000
UtilityRevenue,2541208000.000,2803279000.000,3395553000.000,2489033000.000,2383659000.000,2518600000.000,2963560000.000,2436260000.000,2608874000.000,2738208000.000,3351959000.000,2691906000.000,3208843000.000,2996650000.000,3458110000.000,2831318000.000,2920090000.000,2713231000.000,3371406000.000,2508524000.000,2609852000.000,2462562000.000,3124703000.000,2648528000.000,2588458000.000
WeightedAverageNumberOfDilutedSharesOutstanding,180083830000.000,178925180.000,177723020.000,-180262107505.000,177388045.000,177565351.000,177975075.000,-355190906.000,178413287.000,178614383.000,178652210.000,-357109480.000,179055967.000,180045432.000,180527116.000,-359331630.000,180480523.000,180119837.000,179151832.000,-360575836.000,178976380.000,179503582.000,179990888.000,,179842053.000
WeightedAverageNumberOfSharesOutstandingBasic,178834342000.000,177808890.000,176950469.000,-179011671151.000,176865363.000,177166519.000,177517846.000,-354224915.000,178027961.000,178196525.000,178283721.000,-356297015.000,178797829.000,179354103.000,179610067.000,-358255848.000,179658981.000,179521276.000,179151832.000,-359155733.000,178578536.000,178808149.000,179023351.000,,179335063.000
