,2013-11-30,2014-05-31,2014-08-31,2014-11-30,2015-02-28,2015-05-31,2015-08-31,2015-11-30,2016-02-29,2016-05-31,2016-08-31,2016-11-30,2017-02-28,2017-05-31
AllocatedShareBasedCompensationExpense,2423000.000,3082000.000,3736000.000,4864000.000,5376000.000,6544000.000,7166000.000,7706000.000,7430000.000,7937000.000,7896000.000,9217000.000,7655000.000,7383000.000
AmortizationOfIntangibleAssets,1300000.000,1000000.000,1100000.000,800000.000,500000.000,600000.000,600000.000,1300000.000,3100000.000,1900000.000,1800000.000,1800000.000,1700000.000,1700000.000
CashAndCashEquivalentsPeriodIncreaseDecrease,,5679000.000,,,,4689000.000,,,,8328000.000,,,,
CashCashEquivalentsRestrictedCashAndRestrictedCashEquivalentsPeriodIncreaseDecreaseIncludingExchangeRateEffect,,,,,,,,,,,,,,6494000.000
ComprehensiveIncomeNetOfTax,-1610000.000,182000.000,132000.000,-992000.000,-70236000.000,-2031000.000,-2596000.000,-2379000.000,2308000.000,3455000.000,1030000.000,1950000.000,3083000.000,3659000.000
CostOfRevenue,14017000.000,14406000.000,14044000.000,14438000.000,15779000.000,15966000.000,15935000.000,18352000.000,19879000.000,20241000.000,20240000.000,21098000.000,22193000.000,23648000.000
DeferredIncomeTaxExpenseBenefit,,-3254000.000,,,,145000.000,,,,261000.000,,,,652000.000
Depreciation,1100000.000,,,,,,,,,,,,,
DepreciationAndAmortization,,2087000.000,,,,2174000.000,,,,4281000.000,,,,4216000.000
EarningsPerShareBasic,,0.000,0.010,,,-0.070,-0.040,-0.030,0.060,0.050,0.050,0.030,0.070,0.050
EarningsPerShareBasicAndDiluted,-0.060,,,,,,,,,,,,,
EarningsPerShareDiluted,,0.000,0.010,,,-0.070,-0.040,-0.030,0.060,0.050,0.050,0.030,0.060,0.050
EffectOfExchangeRateOnCashAndCashEquivalents,,-3000.000,,,,-194000.000,,,,135000.000,,,,
EffectOfExchangeRateOnCashCashEquivalentsRestrictedCashAndRestrictedCashEquivalents,,,,,,,,,,,,,,428000.000
EffectiveIncomeTaxRateContinuingOperations,0.207,,,,,,,,,,,,,
ExcessTaxBenefitFromShareBasedCompensationFinancingActivities,,1772000.000,,,,2144000.000,,,,141000.000,,,,0.000
ExcessTaxBenefitFromShareBasedCompensationOperatingActivities,,1772000.000,,,,2144000.000,,,,141000.000,,,,0.000
FairValueMeasurementWithUnobservableInputsReconciliationRecurringBasisLiabilityGainLossIncludedInEarnings,,,,,,36000.000,,,,,,,,
ForeignCurrencyTransactionGainLossRealized,,,,,,-600000.000,100000.000,-400000.000,,500000.000,900000.000,-2400000.000,200000.000,1000000.000
GainLossOnDispositionOfAssets,,-12000.000,,,,,,,,,,,,
GeneralAndAdministrativeExpense,7513000.000,8564000.000,8624000.000,8759000.000,9491000.000,10698000.000,10770000.000,14872000.000,10998000.000,10772000.000,10969000.000,10217000.000,10084000.000,10944000.000
GoodwillAcquiredDuringPeriod,,,,,,,,,,409000.000,,,,
GoodwillForeignCurrencyTranslationGainLoss,,,,,,,,,,,,,,404000.000
GoodwillTranslationAdjustments,,-45000.000,,,,-144000.000,,,,156000.000,,,,
GrossProfit,45369000.000,51803000.000,54608000.000,55969000.000,56399000.000,62008000.000,62436000.000,61735000.000,63847000.000,66413000.000,67690000.000,67708000.000,67066000.000,70531000.000
IncomeLossFromContinuingOperationsBeforeIncomeTaxesExtraordinaryItemsNoncontrollingInterest,,,,-3363000.000,,-1390000.000,-209000.000,-8379000.000,2829000.000,6094000.000,7646000.000,3122000.000,5126000.000,5195000.000
IncomeLossFromContinuingOperationsBeforeIncomeTaxesMinorityInterestAndIncomeLossFromEquityMethodInvestments,-2891000.000,751000.000,446000.000,,,,,,,,,,,
IncomeLossFromEquityMethodInvestments,,,,,,,-100000.000,-100000.000,,,,,,
IncomeTaxExpenseBenefit,-599000.000,600000.000,-292000.000,-3327000.000,65921000.000,2442000.000,2030000.000,-6793000.000,-406000.000,3310000.000,5209000.000,1329000.000,1905000.000,2523000.000
IncreaseDecreaseInAccountsPayable,,-4579000.000,,,,-3113000.000,,,,-3283000.000,,,,1320000.000
IncreaseDecreaseInAccountsReceivable,,5094000.000,,,,2339000.000,,,,-1015000.000,,,,-872000.000
IncreaseDecreaseInDeferredCharges,,2282000.000,,,,1379000.000,,,,26000.000,,,,1424000.000
IncreaseDecreaseInDeferredRevenue,,15340000.000,,,,8013000.000,,,,277000.000,,,,1461000.000
IncreaseDecreaseInEmployeeRelatedLiabilities,,23000.000,,,,-61000.000,,,,69000.000,,,,-1262000.000
IncreaseDecreaseInIncomeTaxes,,1024000.000,,,,2289000.000,,,,1452000.000,,,,9356000.000
IncreaseDecreaseInInventories,,-730000.000,,,,263000.000,,,,363000.000,,,,666000.000
IncreaseDecreaseInOtherAccruedLiabilities,,-52000.000,,,,,,,,,,,,
IncreaseDecreaseInOtherCurrentAssets,,29000.000,,,,,,,,,,,,
IncreaseDecreaseInOtherNoncurrentAssets,,1000.000,,,,,,,,,,,,
IncreaseDecreaseInOtherNoncurrentLiabilities,,21000.000,,,,,,,,,,,,
IncreaseDecreaseInOtherOperatingAssets,,,,,,-283000.000,,,,1669000.000,,,,4211000.000
IncreaseDecreaseInOtherOperatingLiabilities,,,,,,-352000.000,,,,-255000.000,,,,351000.000
IncrementalCommonSharesAttributableToShareBasedPaymentArrangements,,2449000.000,2076000.000,,,,,,,569000.000,1056000.000,1538000.000,-2047000.000,1454000.000
NetCashProvidedByUsedInFinancingActivities,,2464000.000,,,,2721000.000,,,,1237000.000,,,,-7882000.000
NetCashProvidedByUsedInFinancingActivitiesContinuingOperations,,2464000.000,,,,2721000.000,,,,1237000.000,,,,-7882000.000
NetCashProvidedByUsedInInvestingActivities,,-2189000.000,,,,-4140000.000,,,,-5158000.000,,,,-6261000.000
NetCashProvidedByUsedInInvestingActivitiesContinuingOperations,,-2189000.000,,,,-4140000.000,,,,-5158000.000,,,,-6261000.000
NetCashProvidedByUsedInOperatingActivities,,5407000.000,,,,6302000.000,,,,12114000.000,,,,20209000.000
NetCashProvidedByUsedInOperatingActivitiesContinuingOperations,,5407000.000,,,,6302000.000,,,,12114000.000,,,,20209000.000
NetIncomeLoss,-2093000.000,151000.000,738000.000,-36000.000,-68351000.000,-3832000.000,-2239000.000,-1586000.000,3235000.000,2784000.000,2437000.000,1793000.000,3221000.000,2672000.000
NetIncomeLossAttributableToNoncontrollingInterest,-199000.000,,,,,,,,,,,,,
NetIncomeLossAttributableToParentDiluted,,151000.000,738000.000,-36000.000,,,,,,,,,,
NonoperatingIncomeExpense,121000.000,-57000.000,-681000.000,-1789000.000,-1147000.000,-568000.000,97000.000,-395000.000,604000.000,990000.000,1515000.000,-2374000.000,-201000.000,1184000.000
OciBeforeReclassificationsNetOfTaxAttributableToParent,,,,,,,,,,944000.000,,,,982000.000
OperatingExpenses,48381000.000,50995000.000,53481000.000,57543000.000,57682000.000,62830000.000,62742000.000,69719000.000,61622000.000,61309000.000,61559000.000,62212000.000,61739000.000,66520000.000
OperatingIncomeLoss,-3012000.000,808000.000,1127000.000,-1574000.000,-1283000.000,-822000.000,-306000.000,-7984000.000,2225000.000,5104000.000,6131000.000,5496000.000,5327000.000,4011000.000
OtherComprehensiveIncomeForeignCurrencyTransactionAndTranslationAdjustmentNetOfTaxPortionAttributableToParent,,31000.000,-606000.000,-964000.000,-1869000.000,,,,,,,,,
OtherComprehensiveIncomeLossAvailableForSaleSecuritiesAdjustmentNetOfTax,16000.000,,,8000.000,,1852000.000,-732000.000,-83000.000,-644000.000,337000.000,-699000.000,-336000.000,41000.000,86000.000
OtherComprehensiveIncomeLossBeforeReclassificationsNetOfTax,,31000.000,,,,1804000.000,,,,,,,,
OtherComprehensiveIncomeLossForeignCurrencyTransactionAndTranslationAdjustmentNetOfTax,467000.000,,,,,-51000.000,375000.000,-710000.000,-283000.000,334000.000,-708000.000,493000.000,-179000.000,901000.000
OtherComprehensiveIncomeLossNetOfTax,,31000.000,,,,1801000.000,-357000.000,-793000.000,,671000.000,-1407000.000,157000.000,,987000.000
OtherComprehensiveIncomeLossNetOfTaxPortionAttributableToParent,483000.000,31000.000,-606000.000,-956000.000,-1885000.000,,,,,671000.000,,,,987000.000
OtherComprehensiveIncomeLossReclassificationAdjustmentFromAOCIForSaleOfSecuritiesNetOfTax,,0.000,,0.000,,3000.000,-1000.000,6000.000,2000.000,273000.000,459000.000,-3000.000,1000.000,-5000.000
OtherComprehensiveIncomeLossReclassificationAdjustmentFromAOCIForSaleOfSecuritiesTax,,,,,,2000.000,0.000,-3000.000,6000.000,147000.000,247000.000,-1000.000,0.000,-2000.000
OtherComprehensiveIncomeUnrealizedHoldingGainLossOnSecuritiesArisingDuringPeriodNetOfTax,16000.000,,,8000.000,,1855000.000,-733000.000,-77000.000,-642000.000,610000.000,-240000.000,-339000.000,42000.000,81000.000
OtherComprehensiveIncomeUnrealizedHoldingGainLossOnSecuritiesArisingDuringPeriodTax,18000.000,0.000,0.000,5000.000,0.000,0.000,0.000,0.000,0.000,0.000,0.000,0.000,0.000,0.000
OtherOperatingActivitiesCashFlowStatement,,,,,,337000.000,,,,-225000.000,,,,-511000.000
OtherThanTemporaryImpairmentLossesInvestmentsAvailableforsaleSecurities,,,,,,,,,,,,,,0.000
PaymentForContingentConsiderationLiabilityFinancingActivities,,,,,,,,,,,,,,742000.000
PaymentsForProceedsFromProductiveAssets,,,,,,,,,,,,,,250000.000
PaymentsForRepurchaseOfCommonStock,,,,,,,,,,280000.000,,,,6546000.000
PaymentsRelatedToTaxWithholdingForShareBasedCompensation,,1125000.000,,,,2176000.000,,,,1554000.000,,,,1866000.000
PaymentsToAcquireAvailableForSaleSecurities,,,,,,8493000.000,,,,11572000.000,,,,10809000.000
PaymentsToAcquireBusinessesNetOfCashAcquired,,,,,,,,,,183000.000,,,,506000.000
PaymentsToAcquireOtherInvestments,,600000.000,,,,,,,,636000.000,,,,0.000
PaymentsToAcquirePropertyPlantAndEquipment,,1589000.000,,,,1876000.000,,,,1949000.000,,,,4737000.000
ProceedsFromIssuanceOfSharesUnderIncentiveAndShareBasedCompensationPlansIncludingStockOptions,,2340000.000,,,,3248000.000,,,,,,,,
ProceedsFromMaturitiesPrepaymentsAndCallsOfAvailableForSaleSecurities,,,,,,3026000.000,,,,3831000.000,,,,5257000.000
ProceedsFromPaymentsForOtherFinancingActivities,,-463000.000,,,,-156000.000,,,,0.000,,,,
ProceedsFromSaleOfAvailableForSaleSecurities,,,,,,3203000.000,,,,5351000.000,,,,4784000.000
ProceedsFromStockOptionsExercised,,,,,,,,,,3031000.000,,,,1313000.000
ProfitLoss,-2292000.000,151000.000,738000.000,-36000.000,-68351000.000,,,,,,,,,
ReclassificationFromAccumulatedOtherComprehensiveIncomeCurrentPeriodNetOfTax,,,,,,3000.000,,,,,,,,
ReclassificationFromAociCurrentPeriodNetOfTaxAttributableToParent,,,,,,,,,,273000.000,,,,-5000.000
RepaymentsOfNotesPayable,,60000.000,,,,63000.000,,,,67000.000,,,,71000.000
ResearchAndDevelopmentExpense,12083000.000,12952000.000,13826000.000,15389000.000,16570000.000,18000000.000,17502000.000,18629000.000,17120000.000,19207000.000,18446000.000,18627000.000,18790000.000,19356000.000
Revenues,59386000.000,66209000.000,68652000.000,70407000.000,72178000.000,77974000.000,78371000.000,80087000.000,83726000.000,86654000.000,87930000.000,88806000.000,89259000.000,94179000.000
SalesRevenueGoodsNet,18174000.000,20836000.000,20676000.000,20692000.000,20942000.000,23682000.000,22288000.000,21655000.000,21650000.000,21333000.000,21034000.000,20457000.000,19908000.000,20265000.000
SalesRevenueNet,59386000.000,66209000.000,68652000.000,70407000.000,72178000.000,77974000.000,78371000.000,80087000.000,83726000.000,86654000.000,87930000.000,88806000.000,89259000.000,94179000.000
SellingAndMarketingExpense,28785000.000,29479000.000,31031000.000,33395000.000,31621000.000,34132000.000,34470000.000,36218000.000,33504000.000,31330000.000,32144000.000,33368000.000,32865000.000,36220000.000
ShareBasedCompensation,,3082000.000,,,,,,,,,,,,
StockRepurchasedAndRetiredDuringPeriodShares,,,,,,,,430000.000,,18000.000,464000.000,0.000,16000.000,331000.000
StockRepurchasedAndRetiredDuringPeriodValue,,,,,,,,8000000.000,,280000.000,6961000.000,0.000,355000.000,6546000.000
SubscriptionRevenue,41212000.000,45373000.000,47976000.000,49715000.000,51236000.000,54292000.000,56083000.000,58432000.000,62076000.000,65321000.000,66896000.000,68349000.000,69351000.000,73914000.000
TreasuryStockAcquiredAverageCostPerShare,,,,,,,,,,,14.990,0.000,,19.750
UnrecognizedTaxBenefitsIncomeTaxPenaltiesAndInterestExpense,17000.000,,,,,,,,,,,,,
WeightedAverageNumberOfDilutedSharesOutstanding,,53605000.000,53743000.000,52142000.000,,52996000.000,53270000.000,53268000.000,-106464000.000,52854000.000,53321000.000,53995000.000,-106598000.000,54329000.000
WeightedAverageNumberOfShareOutstandingBasicAndDiluted,34256000.000,,,,,,,,,,,,,
WeightedAverageNumberOfSharesIssuedBasic,34256000.000,,,,,,,,,,,,,
WeightedAverageNumberOfSharesOutstandingBasic,,51156000.000,51667000.000,52142000.000,,52996000.000,53270000.000,53268000.000,,52285000.000,52265000.000,52457000.000,-104551000.000,52875000.000
