,2011-06-30,2011-09-30,2012-03-31,2012-06-30,2012-09-30,2012-12-31,2013-03-31,2013-06-30,2013-09-30,2013-12-31,2014-03-31,2014-06-30,2014-09-30
AccretionOfDiscount,,,,,,,,,,,500000.000,,
AllocatedShareBasedCompensationExpense,,,,,,,0.000,0.000,,,,,
AmortizationOfFinancingCostsAndDiscounts,,,306000.000,,,,330000.000,,,,463000.000,,
AmortizationOfIntangibleAssets,,,,2800000.000,1600000.000,,1500000.000,1500000.000,1500000.000,1400000.000,1300000.000,1300000.000,1300000.000
CashAndCashEquivalentsPeriodIncreaseDecrease,,,-5230000.000,,,,-2065000.000,,,,-441000.000,,
CostOfGoodsAndServicesSold,23101000.000,19058000.000,16238000.000,20879000.000,16188000.000,14928000.000,14218000.000,13171000.000,10930000.000,12516000.000,10705000.000,12015000.000,11131000.000
CostOfGoodsSold,17594000.000,13700000.000,,15901000.000,11070000.000,,9577000.000,8868000.000,6944000.000,8044000.000,6737000.000,7101000.000,7283000.000
CostOfServices,5507000.000,5358000.000,,4978000.000,5118000.000,,4641000.000,4303000.000,3986000.000,4472000.000,3968000.000,4914000.000,3848000.000
DebtInstrumentIncreaseAdditionalBorrowings,,,,,,,,,,,4000000.000,,
DebtInstrumentInterestRateDuringPeriod,,,,0.048,0.048,,0.048,0.048,0.048,-0.096,0.048,,
DebtIssuanceCostsIncurredDuringNoncashOrPartialNoncashTransaction,,,,,,,250000.000,,,,,,
DeferredIncomeTaxExpenseBenefit,,,-68000.000,,,,24000.000,,,,-39000.000,,
Depreciation,,,,800000.000,700000.000,,900000.000,800000.000,800000.000,800000.000,700000.000,600000.000,600000.000
DepreciationDepletionAndAmortization,,,3311000.000,,,,2344000.000,,,,1970000.000,,
EarningsPerShareBasicAndDiluted,-0.360,-0.420,-0.470,-0.570,-0.030,-2.970,-0.680,-0.360,-0.050,-2.310,-0.320,-0.140,-0.020
EffectOfExchangeRateOnCashAndCashEquivalents,,,-2000.000,,,,,,,,,,
EffectiveIncomeTaxRateContinuingOperations,,,,0.006,0.109,,-0.052,0.035,-0.475,0.458,0.023,-0.150,-1.983
FacilityCosts,,,,900000.000,300000.000,,900000.000,,,,,,
FairValueAssumptionsExpectedVolatilityRate,,,,,,,,,,,0.930,,
FairValueAssumptionsRiskFreeInterestRate,,,,,,,,,,,0.017,,
ForeignCurrencyTransactionGainLossBeforeTax,-201000.000,-51000.000,-102000.000,667000.000,278000.000,-2221000.000,-361000.000,-550000.000,-8000.000,116000.000,-12000.000,54000.000,-425000.000
GeneralAndAdministrativeExpense,9192000.000,9391000.000,7585000.000,8806000.000,7375000.000,7414000.000,7960000.000,7629000.000,6280000.000,7519000.000,6387000.000,6082000.000,5862000.000
GoodwillPeriodIncreaseDecrease,,,,,,,,,,,8300000.000,8300000.000,
GrossProfit,32686000.000,28363000.000,24869000.000,17680000.000,26203000.000,22984000.000,19577000.000,17904000.000,19277000.000,24488000.000,17730000.000,19439000.000,19501000.000
IncomeLossFromContinuingOperationsBeforeIncomeTaxesMinorityInterestAndIncomeLossFromEquityMethodInvestments,-10626000.000,-13655000.000,-14425000.000,-18143000.000,-234000.000,-4755000.000,-9850000.000,-5894000.000,-577000.000,-35840000.000,-5368000.000,-2039000.000,-121000.000
IncomeTaxExpenseBenefit,643000.000,-557000.000,360000.000,-112000.000,56000.000,-91000.000,510000.000,-207000.000,274000.000,1197000.000,-121000.000,305000.000,240000.000
IncomeTaxesPaid,,,-5000.000,,,,302000.000,,,,50000.000,,
IncreaseDecreaseInAccountsPayableAndAccruedLiabilities,,,2036000.000,,,,-8697000.000,,,,-3387000.000,,
IncreaseDecreaseInAccountsReceivable,,,669000.000,,,,-3259000.000,,,,-1374000.000,,
IncreaseDecreaseInAccruedIncomeTaxesPayable,,,-174000.000,,,,17000.000,,,,64000.000,,
IncreaseDecreaseInDeferredRevenue,,,949000.000,,,,1203000.000,,,,1341000.000,,
IncreaseDecreaseInInterestPayableNet,,,-376000.000,,,,,,,,,,
IncreaseDecreaseInInventories,,,-1568000.000,,,,-1549000.000,,,,-92000.000,,
IncreaseDecreaseInOtherCurrentAssets,,,,,,,-1277000.000,,,,-646000.000,,
IncreaseDecreaseInOtherNoncurrentLiabilities,,,,,,,-595000.000,,,,-600000.000,,
IncreaseDecreaseInPrepaidDeferredExpenseAndOtherAssets,,,551000.000,,,,,,,,,,
IncreaseDecreaseInRestrictedCash,,,53000.000,,,,280000.000,,,,-605000.000,,
InterestExpense,4964000.000,4695000.000,4100000.000,-2943000.000,1792000.000,7781000.000,2367000.000,2532000.000,2620000.000,2647000.000,2715000.000,2787000.000,2850000.000
InterestExpenseDebt,,,,,,,100000.000,200000.000,100000.000,100000.000,100000.000,100000.000,100000.000
InterestPaid,,,3816000.000,,,,180000.000,,,,161000.000,,
InventoryWriteDown,,,,4800000.000,,,,,,,,,
LossContingencyAccrualCarryingValuePeriodIncreaseDecrease,,,,,,,,,-1800000.000,,,,
NetCashProvidedByUsedInFinancingActivities,,,102000.000,,,,3275000.000,,,,-481000.000,,
NetCashProvidedByUsedInFinancingActivitiesContinuingOperations,,,102000.000,,,,3275000.000,,,,-481000.000,,
NetCashProvidedByUsedInInvestingActivities,,,-759000.000,,,,-415000.000,,,,450000.000,,
NetCashProvidedByUsedInInvestingActivitiesContinuingOperations,,,-759000.000,,,,-415000.000,,,,450000.000,,
NetCashProvidedByUsedInOperatingActivities,,,-4571000.000,,,,-4925000.000,,,,-410000.000,,
NetCashProvidedByUsedInOperatingActivitiesContinuingOperations,,,-4571000.000,,,,-4925000.000,,,,-410000.000,,
NetIncomeLoss,-11269000.000,-13098000.000,-14785000.000,,,,-10360000.000,-5687000.000,-851000.000,-37037000.000,-5247000.000,-2344000.000,-361000.000
NonoperatingIncomeExpense,24000.000,-3000.000,-83000.000,66000.000,-242000.000,439000.000,-40000.000,-13000.000,109000.000,210000.000,-25000.000,-50000.000,-91000.000
OperatingExpenses,38171000.000,37269000.000,32076000.000,35485000.000,26359000.000,28531000.000,25453000.000,23182000.000,17453000.000,58438000.000,19915000.000,18074000.000,16777000.000
OperatingIncomeLoss,-5485000.000,-8906000.000,-7207000.000,-17805000.000,-156000.000,-5547000.000,-5876000.000,-5278000.000,1824000.000,-33950000.000,-2185000.000,1365000.000,2724000.000
OtherComprehensiveIncomeForeignCurrencyTransactionAndTranslationAdjustmentNetOfTaxPortionAttributableToParent,,,-49000.000,-183000.000,-192000.000,207000.000,69000.000,117000.000,29000.000,127000.000,-108000.000,-137000.000,249000.000
OtherComprehensiveIncomeLossNetOfTaxPeriodIncreaseDecrease,,,-14834000.000,,,,,,,,,,
OtherComprehensiveIncomeLossTaxPortionAttributableToParent1,,,,-18214000.000,-482000.000,,10291000.000,5570000.000,822000.000,36910000.000,5355000.000,2481000.000,112000.000
OtherNoncashExpense,,,-144000.000,,,,70000.000,,,,-77000.000,,
OtherNonoperatingExpense,,,,338000.000,78000.000,,3974000.000,616000.000,2401000.000,1890000.000,3183000.000,3404000.000,2845000.000
PaidInKindInterest,,,361000.000,,,,1777000.000,,,,2014000.000,,
PaymentsForRestructuring,,,,,,,,,100000.000,,1000000.000,1614000.000,830000.000
PaymentsOfDebtIssuanceCosts,,,674000.000,,,,,,,,,,
PaymentsToAcquireIntangibleAssets,,,73000.000,,,,,,,,,,
PaymentsToAcquirePropertyPlantAndEquipment,,,633000.000,,,,135000.000,,,,155000.000,,
ProceedsFromRepaymentsOfDebtMaturingInMoreThanThreeMonths,,,1000000.000,,,,3200000.000,,,,,,
ProceedsFromRepaymentsOfLinesOfCredit,,,-224000.000,,,,75000.000,,,,-481000.000,,
ProfitLoss,,-13098000.000,-14785000.000,-18031000.000,-290000.000,-4664000.000,,,,,,,
ProvisionForDoubtfulAccounts,,,46000.000,,,,1034000.000,,,,126000.000,,
ResearchAndDevelopmentExpense,13932000.000,13540000.000,12823000.000,11370000.000,9266000.000,9326000.000,8033000.000,7083000.000,5881000.000,6282000.000,5744000.000,4935000.000,4664000.000
RestructuringCharges,761000.000,1674000.000,57000.000,4246000.000,457000.000,2270000.000,212000.000,114000.000,-2323000.000,4641000.000,-4000.000,81000.000,
RestructuringReserveAccrualAdjustment,,,,,,,,,-2346000.000,,,,690000.000
RestructuringReserveSettledWithCash,,,,1201000.000,2076000.000,,1872000.000,754000.000,224000.000,502000.000,1052000.000,,
Revenues,55787000.000,47421000.000,41107000.000,38559000.000,42391000.000,37912000.000,33795000.000,31075000.000,30207000.000,37004000.000,28435000.000,31454000.000,30632000.000
RoyaltyExpense,,,,100000.000,400000.000,,300000.000,200000.000,200000.000,200000.000,200000.000,200000.000,200000.000
SalesRevenueGoodsNet,45614000.000,36604000.000,,28599000.000,32140000.000,,24733000.000,22751000.000,20841000.000,25380000.000,19608000.000,21161000.000,21805000.000
SalesRevenueNet,55787000.000,47421000.000,41107000.000,38559000.000,42391000.000,37912000.000,33795000.000,31075000.000,30207000.000,37004000.000,28435000.000,31454000.000,30632000.000
SalesRevenueServicesNet,10173000.000,10817000.000,,9960000.000,10251000.000,,9062000.000,8324000.000,9366000.000,11624000.000,8827000.000,10293000.000,8827000.000
SellingAndMarketingExpense,14286000.000,12664000.000,11611000.000,11063000.000,9261000.000,9521000.000,9248000.000,8356000.000,7615000.000,8155000.000,7788000.000,6976000.000,6941000.000
SeveranceCosts,,,,,,,,100000.000,20000.000,,,,
SeveranceCosts1,,,,,,,,,,,,300000.000,
ShareBasedCompensation,,,686000.000,565000.000,645000.000,593000.000,637000.000,661000.000,468000.000,428000.000,419000.000,248000.000,217000.000
ShareBasedCompensationArrangementByShareBasedPaymentAwardDiscountFromMarketPricePurchaseDate,,,,,,,0.850,,,,0.850,,
ShareBasedCompensationArrangementByShareBasedPaymentAwardEquityInstrumentsOtherThanOptionsForfeitedInPeriod,,,,,,,,,,,75025.000,,
ShareBasedCompensationArrangementByShareBasedPaymentAwardEquityInstrumentsOtherThanOptionsForfeituresWeightedAverageGrantDateFairValue,,,,,,,,,,,2.030,,
ShareBasedCompensationArrangementByShareBasedPaymentAwardEquityInstrumentsOtherThanOptionsVestedInPeriod,,,,,,,,,,,12396.000,,
ShareBasedCompensationArrangementByShareBasedPaymentAwardEquityInstrumentsOtherThanOptionsVestedInPeriodWeightedAverageGrantDateFairValue,,,,,,,,,,,5.020,,
ShareBasedCompensationArrangementByShareBasedPaymentAwardFairValueAssumptionsExpectedDividendRate,,,,,,,0.000,,,,,,
ShareBasedCompensationArrangementByShareBasedPaymentAwardFairValueAssumptionsExpectedVolatilityRate,,,,0.890,0.890,,0.910,,,,,,
ShareBasedCompensationArrangementByShareBasedPaymentAwardFairValueAssumptionsRiskFreeInterestRate,,,,0.009,0.009,,0.012,,,,,,
ShareBasedCompensationArrangementByShareBasedPaymentAwardOptionsExercisesInPeriodTotalIntrinsicValue,,,,,,,,,0.000,,0.000,,
ShareBasedCompensationArrangementByShareBasedPaymentAwardOptionsForfeituresAndExpirationsInPeriod,,,,,,,46000.000,,,,59557.000,,
ShareBasedCompensationArrangementByShareBasedPaymentAwardOptionsForfeituresAndExpirationsInPeriodWeightedAverageExercisePrice,,,,,,,9.500,,,,9.130,,
ShareBasedCompensationArrangementByShareBasedPaymentAwardOptionsGrantsInPeriod,,,,1870000.000,27000.000,,2000.000,,,,,,
ShareBasedCompensationArrangementByShareBasedPaymentAwardOptionsGrantsInPeriodWeightedAverageGrantDateFairValue,,,,0.570,3.950,,10.030,,,,9.400,,
ShareBasedCompensationArrangementsByShareBasedPaymentAwardOptionsGrantsInPeriodWeightedAverageExercisePrice,,,,,,,1.000,,,,,,
StockIssued1,,,,,,,3461000.000,,,,,,
StockIssuedDuringPeriodSharesEmployeeStockPurchasePlans,,,,,,,42740.000,,,,,,
UnrecognizedTaxBenefitsPeriodIncreaseDecrease,,,,,,,-100000.000,100000.000,100000.000,500000.000,200000.000,,
WeightedAverageNumberOfShareOutstandingBasicAndDiluted,,,,,,,15270000.000,15907.000,16046000.000,-15471907.000,16241000.000,16257000.000,16257000.000
