,2011-06-30,2011-09-30,2012-03-31,2012-06-30,2012-09-30,2012-12-31,2013-03-31,2013-06-30,2013-09-30,2013-12-31,2014-03-31,2014-06-30,2014-09-30,2014-12-31,2015-03-31,2015-06-30,2015-09-30
CashPeriodIncreaseDecrease,,,-3613.000,,,,33776.000,,,,-17981.000,,,,49097.000,,
DebtInstrumentDecreaseForgiveness,,,,,,,,,-48000.000,,,,,,,,
DepositAssetsOrLiabilitiesAmortizationExpenseFromExpirations,,,,,,,-15550.000,,,,,,,,,,
Depreciation,,,,,,,,,,,3141.000,,,,4129.000,,
EarningsPerShareBasicAndDiluted,-0.000,-0.000,-0.010,-0.000,-0.000,0.000,-0.000,-0.010,,,-0.000,-0.000,-0.000,0.000,0.000,-0.000,-0.000
GainLossRelatedToLitigationSettlement,,,,,,,,,,,,,,,,600000.000,
GeneralAndAdministrativeExpense,273.000,53200.000,34737.000,20224.000,15286.000,5324.000,100740.000,113536.000,76017.000,355676.000,280821.000,494073.000,24869.000,-274432.000,74253.000,96495.000,177432.000
GrossProfit,,,,,,,,,,,,2750.000,2750.000,,0.000,,
IncomeLossFromContinuingOperationsBeforeIncomeTaxesExtraordinaryItemsNoncontrollingInterest,-191390.000,-367587.000,-795099.000,-188309.000,-65023.000,36231.000,-198860.000,-2228154.000,-1561306.000,-125860.000,-451162.000,-1019513.000,-605543.000,-276176.000,-286172.000,-822128.000,-378986.000
IncreaseDecreaseInAccountsPayable,,,,,,,5879.000,,,,27640.000,,,,144707.000,,
IncreaseDecreaseInAccountsPayableAndAccruedLiabilities,,,-7057.000,,,,3726.000,,,,3726.000,,,,3666.000,,
IncreaseDecreaseInDeferredRevenue,,,,,,,,,,,,,,,-2750.000,,
IncreaseDecreaseInInterestPayableNet,,,3726.000,,,,,,,,,,,,,,
IncreaseDecreaseInPrepaidExpense,,,-1248.000,,,,,,,,,,,,,,
InterestExpense,-7697.000,-7817.000,-3726.000,-3726.000,-27520.000,19831.000,-3727.000,-3726.000,-3725.000,-3852.000,-4104.000,-4321.000,-4322.000,-4282.000,-4854.000,-1622.000,-23556.000
InterestExpenseBorrowings,,,,,,,13127.000,,,,2688.000,,,,2688.000,,
InterestExpenseRelatedParty,,,-22830.000,-24025.000,,,-23556.000,-23556.000,-23555.000,-23555.000,-23556.000,-23556.000,-23556.000,-23554.000,-23556.000,-23556.000,-31949.000
InterestPaid,,,,,,,,,,,377.000,,,,1588.000,,
IssuanceOfStockAndWarrantsForServicesOrClaims,,,589000.000,,,,30000.000,,,,29420.000,,,,,,
NetCashProvidedByUsedInFinancingActivities,,,64200.000,,,,185350.000,,,,349000.000,,,,161962.000,,
NetCashProvidedByUsedInFinancingActivitiesContinuingOperations,,,64200.000,,,,185350.000,,,,349000.000,,,,161962.000,,
NetCashProvidedByUsedInInvestingActivities,,,,,,,,,,,-11860.000,,,,,,
NetCashProvidedByUsedInInvestingActivitiesContinuingOperations,,,,,,,,,,,-11860.000,,,,,,
NetCashProvidedByUsedInOperatingActivities,,,-67813.000,,,,-151574.000,,,,-355121.000,,,,-112865.000,,
NetCashProvidedByUsedInOperatingActivitiesContinuingOperations,,,-67813.000,,,,-151574.000,,,,-355121.000,,,,-112865.000,,
NetIncomeLoss,-191390.000,-367587.000,-795099.000,-188309.000,-65023.000,36231.000,-198860.000,-2228154.000,-1561306.000,-125860.000,-451162.000,-1019513.000,-605543.000,-276176.000,-286172.000,-822128.000,-378986.000
NoninterestExpenseDirectorsFees,,,,,,,,,,,45000.000,,,,,,
NonoperatingIncomeExpense,7697.000,7817.000,146590.000,27751.000,27520.000,27281.000,27283.000,27282.000,-20720.000,27407.000,27660.000,27877.000,27878.000,27836.000,28410.000,625178.000,55505.000
OperatingExpenses,183693.000,359770.000,648509.000,160558.000,37503.000,-63512.000,171577.000,2200872.000,1582026.000,98453.000,423502.000,994386.000,580415.000,252007.000,260512.000,199700.000,326231.000
OperatingIncomeLoss,-183693.000,-359770.000,-648509.000,-160558.000,-37503.000,63512.000,-171577.000,-2200872.000,-1582026.000,-98453.000,-423502.000,-991636.000,-577665.000,-248340.000,-257762.000,-196950.000,-323481.000
OtherGeneralAndAdministrativeExpense,,,,,,,,45875.000,16702.000,,5000.000,5000.000,33080.000,163696.000,26627.000,49996.000,120921.000
PaymentsToAcquireMineralRights,,,,,,,,,,,11860.000,,,,,,
ProceedsFromIssuanceOfCommonStock,,,50200.000,,,,185350.000,,,,299000.000,,,,,,
ProceedsFromLoans,,,,,,,,,,,,,,,150000.000,,
ProceedsFromNotesPayable,,,,,,,,,,,50000.000,,,,,,
ProfessionalFees,78954.000,47525.000,580084.000,140334.000,22217.000,-68148.000,70837.000,2041461.000,1489307.000,-308821.000,137681.000,495313.000,522466.000,75522.000,98381.000,51184.000,25698.000
ResearchAndDevelopmentExpense,,,,,,,,,,,,,,,61251.000,2025.000,2180.000
Revenues,,,,,,,,,,,,2750.000,2750.000,,2750.000,2750.000,2750.000
SalesRevenueNet,,,,,,,,,,,,2750.000,2750.000,,2750.000,2750.000,2750.000
ShareBasedCompensationArrangementByShareBasedPaymentAwardNonOptionEquityInstrumentsExercised,,,,,,,,,,,-2000000.000,,,,,,
ShareBasedCompensationArrangementByShareBasedPaymentAwardNonOptionEquityInstrumentsExpirations,,,,,,,,,,,-8000000.000,,,,,,
ShareBasedCompensationArrangementByShareBasedPaymentAwardNonOptionEquityInstrumentsForfeitures,,,,,,,,,,,-1966666.000,,,,,,
StockIssuedDuringPeriodSharesIssuedForCash,,,,,,,26336640.000,,18400000.000,,,,,,1050000.000,,
StockIssuedDuringPeriodSharesIssuedForServices,,,,,,,3000000.000,,62400000.000,,,,,,3390000.000,,
StockIssuedDuringPeriodSharesNewIssues,,,,,,,32063940.000,,80800000.000,,,,,,,,
StockIssuedDuringPeriodValueIssuedForCash,,,,,,,134350.000,,184000.000,,,,,,10500.000,,
StockIssuedDuringPeriodValueIssuedForServices,,,,,,,30000.000,,1341600.000,,,,,,33900.000,,
WeightedAverageNumberDilutedSharesOutstandingAdjustment,,,,,,,,,,,,,,,488370482.000,,
WeightedAverageNumberOfShareOutstandingBasicAndDiluted,,,,,,,,,,,,,,,488370482.000,487620826.000,494780728.000
