,2011-03-31,2011-06-30,2011-09-30,2011-12-31,2012-03-31,2012-06-30,2012-09-30,2012-12-31,2013-03-31,2013-06-30,2013-09-30
AdjustmentsNoncashItemsToReconcileNetIncomeLossToCashProvidedByUsedInOperatingActivitiesOther,4000000.000,,,,,,,,,,
AmortizationOfIntangibleAssets,15000000.000,16000000.000,15000000.000,15000000.000,15000000.000,17000000.000,14000000.000,16000000.000,15000000.000,15000000.000,15000000.000
AntidilutiveSecuritiesExcludedFromComputationOfEarningsPerShareAmount,800000.000,,300000.000,,200000.000,1000000.000,300000.000,,,200000.000,0.000
CashAndCashEquivalentsPeriodIncreaseDecrease,-18000000.000,,,,-27000000.000,,,,157000000.000,,
CommonStockDividendsPerShareDeclared,0.300,0.300,0.300,0.300,0.300,0.300,0.300,0.300,0.300,0.300,0.300
CommunicationsAndInformationTechnology,52000000.000,45000000.000,46000000.000,45000000.000,45000000.000,44000000.000,44000000.000,43000000.000,43000000.000,42000000.000,40000000.000
ComprehensiveIncomeNetOfTax,464000000.000,234000000.000,,,320000000.000,-122000000.000,277000000.000,99000000.000,-259000000.000,209000000.000,538000000.000
ComprehensiveIncomeNetOfTaxAttributableToNoncontrollingInterest,-2000000.000,-4000000.000,,,-4000000.000,5000000.000,-5000000.000,3000000.000,5000000.000,6000000.000,4000000.000
ComprehensiveIncomeNetOfTaxIncludingPortionAttributableToNoncontrollingInterest,462000000.000,230000000.000,-158000000.000,-154000000.000,316000000.000,-117000000.000,282000000.000,92000000.000,-254000000.000,215000000.000,542000000.000
DeferredForeignIncomeTaxExpenseBenefit,,,,,,,,,,,58000000.000
DeferredIncomeTaxExpenseBenefit,-20000000.000,,,,77000000.000,,,,-7000000.000,,
DefinedBenefitPlanContributionsByEmployer,38000000.000,1000000.000,2000000.000,-83000000.000,16000000.000,21000000.000,1000000.000,,13000000.000,18000000.000,1000000.000
DepreciationAmortizationAndAccretionNet,72000000.000,,,,66000000.000,,,,64000000.000,,
DepreciationAndAmortization,70000000.000,70000000.000,72000000.000,68000000.000,66000000.000,66000000.000,64000000.000,64000000.000,62000000.000,62000000.000,64000000.000
DerivativeInstrumentsNotDesignatedAsHedgingInstrumentsGainLossNet,,,,,,-5000000.000,,,,,
DisposalGroupNotDiscontinuedOperationGainLossOnDisposal,,,,,,-2000000.000,,,,10000000.000,5000000.000
EarningsPerShareBasic,0.590,0.590,0.760,0.430,0.340,0.500,0.440,0.110,0.520,0.710,0.730
EarningsPerShareDiluted,0.590,0.590,0.760,0.420,0.340,0.490,0.440,0.120,0.520,0.710,0.730
EffectOfExchangeRateOnCashAndCashEquivalents,28000000.000,,,,29000000.000,,,,-42000000.000,,
EffectiveIncomeTaxRateContinuingOperations,0.292,0.221,0.095,-0.440,0.330,0.206,0.097,-0.410,0.238,0.087,0.151
EquityMethodInvestmentNetSalesProceeds,,,,,,,,,,,120000000.000
ExchangeFees,,,109000000.000,,66000000.000,86000000.000,74000000.000,75000000.000,75000000.000,78000000.000,61000000.000
FiniteLivedIntangibleAssetsFutureAmortizationExpense,865000000.000,,,,789000000.000,,,,,,
ForeignCurrencyTransactionGainLossRealized,1000000.000,,0.000,,1000000.000,,,,,,
FutureAmortizationExpenseAfterYearFive,,,,,511000000.000,,,,,,
FutureAmortizationExpenseYearFive,58000000.000,,,,58000000.000,,,,,,
FutureAmortizationExpenseYearFour,58000000.000,,,,58000000.000,,,,,,
FutureAmortizationExpenseYearOne,43000000.000,,,,43000000.000,,,,,,
FutureAmortizationExpenseYearThree,58000000.000,,,,58000000.000,,,,,,
FutureAmortizationExpenseYearTwo,58000000.000,,,,58000000.000,,,,,,
GainOnFairValueHedgeIneffectiveness,,,,,1000000.000,,,,,,
GoodwillAcquiredDuringPeriod,19000000.000,,,,26000000.000,,,,0.000,,
IncomeLossFromContinuingOperationsBeforeIncomeTaxesMinorityInterestAndIncomeLossFromEquityMethodInvestments,213000000.000,193000000.000,227000000.000,92000000.000,136000000.000,165000000.000,124000000.000,45000000.000,172000000.000,195000000.000,158000000.000
IncomeLossFromEquityMethodInvestments,-1000000.000,-2000000.000,-2000000.000,-4000000.000,-1000000.000,-2000000.000,-2000000.000,-3000000.000,-2000000.000,-3000000.000,-2000000.000
IncomeTaxExpenseBenefit,62000000.000,43000000.000,21000000.000,-4000000.000,45000000.000,34000000.000,12000000.000,14000000.000,41000000.000,17000000.000,-24000000.000
IncreaseDecreaseInAccountsPayableAndAccruedLiabilities,-54000000.000,,,,-217000000.000,,,,-66000000.000,,
IncreaseDecreaseInAccountsReceivable,36000000.000,,,,27000000.000,,,,46000000.000,,
IncreaseDecreaseInDeferredRevenue,248000000.000,,,,286000000.000,,,,276000000.000,,
IncreaseDecreaseInEmployeeRelatedLiabilities,-45000000.000,,,,-32000000.000,,,,-27000000.000,,
IncreaseDecreaseInOtherOperatingAssets,43000000.000,,,,35000000.000,,,,20000000.000,,
InterestExpense,30000000.000,31000000.000,31000000.000,31000000.000,29000000.000,29000000.000,29000000.000,53000000.000,28000000.000,28000000.000,23000000.000
InvestmentIncomeNet,1000000.000,1000000.000,2000000.000,,1000000.000,1000000.000,1000000.000,1000000.000,1000000.000,3000000.000,0.000
LaborAndRelatedExpense,161000000.000,158000000.000,160000000.000,159000000.000,160000000.000,152000000.000,145000000.000,144000000.000,161000000.000,154000000.000,150000000.000
LossOnFairValueHedgeIneffectiveness,,,,,2000000.000,,,,,,
NetCashProvidedByUsedInFinancingActivities,-292000000.000,,,,-215000000.000,,,,-82000000.000,,
NetCashProvidedByUsedInFinancingActivitiesContinuingOperations,-292000000.000,,,,-215000000.000,,,,-82000000.000,,
NetCashProvidedByUsedInInvestingActivities,-18000000.000,,,,-41000000.000,,,,-17000000.000,,
NetCashProvidedByUsedInInvestingActivitiesContinuingOperations,-18000000.000,,,,-41000000.000,,,,-17000000.000,,
NetCashProvidedByUsedInOperatingActivities,264000000.000,,,,200000000.000,,,,298000000.000,,
NetCashProvidedByUsedInOperatingActivitiesContinuingOperations,264000000.000,,,,200000000.000,,,,298000000.000,,
NetIncomeLoss,155000000.000,154000000.000,200000000.000,110000000.000,87000000.000,125000000.000,108000000.000,28000000.000,126000000.000,173000000.000,178000000.000
NetIncomeLossAttributableToNoncontrollingInterest,-4000000.000,-4000000.000,6000000.000,-14000000.000,4000000.000,6000000.000,4000000.000,3000000.000,5000000.000,5000000.000,4000000.000
OperatingIncomeLoss,243000000.000,224000000.000,259000000.000,124000000.000,165000000.000,194000000.000,153000000.000,97000000.000,202000000.000,207000000.000,178000000.000
OtherComprehensiveIncomeAvailableForSaleSecuritiesAdjustmentNetOfTaxPeriodIncreaseDecrease,2000000.000,2000000.000,,,13000000.000,-8000000.000,,,,,
OtherComprehensiveIncomeAvailableForSaleSecuritiesTax,,,,,-6000000.000,5000000.000,,,,,
OtherComprehensiveIncomeDefinedBenefitPlansAdjustmentNetOfTaxPeriodIncreaseDecrease,,0.000,,,,,,,,,
OtherComprehensiveIncomeDefinedBenefitPlansNetUnamortizedGainLossArisingDuringPeriodNetOfTax,,,,,2000000.000,2000000.000,2000000.000,-35000000.000,4000000.000,7000000.000,8000000.000
OtherComprehensiveIncomeDefinedBenefitPlansNetUnamortizedGainLossArisingDuringPeriodTax,,,,,-2000000.000,-2000000.000,-2000000.000,26000000.000,0.000,-2000000.000,-2000000.000
OtherComprehensiveIncomeDerivativesQualifyingAsHedgesNetOfTaxPeriodIncreaseDecrease,,,,,-2000000.000,67000000.000,,,,,
OtherComprehensiveIncomeDerivativesQualifyingAsHedgesTaxEffectPeriodIncreaseDecrease,,,,,1000000.000,-27000000.000,,,,,
OtherComprehensiveIncomeForeignCurrencyTransactionAndTranslationAdjustmentNetOfTaxPeriodIncreaseDecrease,309000000.000,78000000.000,-364000000.000,-156000000.000,210000000.000,-242000000.000,,,,,
OtherComprehensiveIncomeLossAmortizationPensionAndOtherPostretirementBenefitPlansNetPriorServiceCostRecognizedInNetPeriodicPensionCostNetOfTax,,,,,,,,,-5000000.000,-4000000.000,-5000000.000
OtherComprehensiveIncomeLossAvailableForSaleSecuritiesAdjustmentNetOfTax,,,,,,,9000000.000,,-20000000.000,-5000000.000,-12000000.000
OtherComprehensiveIncomeLossAvailableForSaleSecuritiesTax,,,,,,,-4000000.000,,8000000.000,2000000.000,3000000.000
OtherComprehensiveIncomeLossDerivativesQualifyingAsHedgesNetOfTax,,,,,,,-17000000.000,,-1000000.000,-16000000.000,-41000000.000
OtherComprehensiveIncomeLossDerivativesQualifyingAsHedgesTax,,,,,,,10000000.000,,0.000,6000000.000,-26000000.000
OtherComprehensiveIncomeLossForeignCurrencyTransactionAndTranslationAdjustmentNetOfTax,,,,,,,159000000.000,,-365000000.000,39000000.000,370000000.000
OtherComprehensiveIncomeLossReclassificationAdjustmentOnDerivativesIncludedInNetIncomeNetOfTax,,,,,,,,,1000000.000,0.000,-1000000.000
OtherComprehensiveIncomeUnrealizedGainLossOnDerivativesArisingDuringPeriodBeforeTax,102000000.000,32000000.000,99000000.000,-221000000.000,36000000.000,,17000000.000,,,,
OtherCostAndExpenseOperating,436000000.000,437000000.000,445000000.000,504000000.000,436000000.000,408000000.000,406000000.000,465000000.000,398000000.000,404000000.000,396000000.000
OtherNoncashIncomeExpense,,,,,-1000000.000,,,,1000000.000,,
OtherNonoperatingIncome,,1000000.000,-1000000.000,,,3000000.000,,,-1000000.000,6000000.000,0.000
OtherNonoperatingIncomeExpense,,,,,,,1000000.000,,,,
PaymentsForProceedsFromOtherInvestingActivities,25000000.000,,,,-25000000.000,,,,0.000,,
PaymentsForRepurchaseOfCommonStock,,,,,127000000.000,,,,0.000,,
PaymentsOfDividendsCommonStock,78000000.000,,,,77000000.000,,,,73000000.000,,
PaymentsToAcquireBusinessesAndInterestInAffiliates,2000000.000,,,,28000000.000,,,,1000000.000,,
PaymentsToAcquireInvestments,235000000.000,,,,267000000.000,,,,188000000.000,,
PaymentsToAcquirePropertyPlantAndEquipment,35000000.000,,,,43000000.000,,,,27000000.000,,
ProceedsFromPaymentsForOtherFinancingActivities,-5000000.000,,,,-11000000.000,,,,-9000000.000,,
ProceedsFromRepaymentsOfShortTermDebt,-209000000.000,,,,,,,,0.000,,
ProceedsFromSaleMaturityAndCollectionsOfInvestments,245000000.000,,,,272000000.000,,,,199000000.000,,
ProceedsFromSaleOfProductiveAssets,34000000.000,,,,,,,,,,
ProfessionalFees,69000000.000,73000000.000,77000000.000,80000000.000,73000000.000,69000000.000,76000000.000,81000000.000,69000000.000,67000000.000,63000000.000
ProfitLoss,151000000.000,150000000.000,206000000.000,96000000.000,91000000.000,131000000.000,112000000.000,31000000.000,131000000.000,178000000.000,182000000.000
RestructuringCharges,,,,,,,,,7000000.000,,
RestructuringReservePeriodExpense,2000000.000,,,,9000000.000,,,,,,
RestructuringReserveSettledWithCash,-15000000.000,,,,-2000000.000,,,,-8000000.000,,
RestructuringReserveTranslationAdjustment,1000000.000,,,,,,,,,,
Revenues,1148000000.000,1092000000.000,1258000000.000,1054000000.000,952000000.000,986000000.000,902000000.000,909000000.000,963000000.000,995000000.000,890000000.000
SalesRevenueNet,1148000000.000,1092000000.000,1258000000.000,1054000000.000,952000000.000,986000000.000,902000000.000,909000000.000,963000000.000,995000000.000,890000000.000
SegmentReportingInformationOperatingIncomeLoss,243000000.000,224000000.000,,,,,,,,,
SegmentReportingInformationRevenue,1148000000.000,1092000000.000,1258000000.000,1054000000.000,952000000.000,986000000.000,902000000.000,909000000.000,963000000.000,995000000.000,890000000.000
SellingGeneralAndAdministrativeExpense,63000000.000,73000000.000,61000000.000,106000000.000,61000000.000,65000000.000,59000000.000,60000000.000,55000000.000,57000000.000,55000000.000
ShareBasedCompensation,10000000.000,,,,13000000.000,,,,19000000.000,,
TechnologyServicesRevenue,82000000.000,89000000.000,92000000.000,95000000.000,86000000.000,87000000.000,81000000.000,87000000.000,80000000.000,77000000.000,74000000.000
WeightedAverageNumberDilutedSharesOutstandingAdjustment,1000000.000,1000000.000,1000000.000,-1000000.000,1000000.000,1000000.000,1000000.000,-3000000.000,1000000.000,1000000.000,2000000.000
WeightedAverageNumberOfDilutedSharesOutstanding,262000000.000,263000000.000,263000000.000,-525000000.000,259000000.000,253000000.000,247000000.000,-509000000.000,244000000.000,244000000.000,245000000.000
WeightedAverageNumberOfSharesOutstandingBasic,261000000.000,262000000.000,262000000.000,-524000000.000,258000000.000,252000000.000,246000000.000,-506000000.000,243000000.000,243000000.000,243000000.000
