,2011-06-30,2011-09-30,2012-03-31,2012-06-30,2012-09-30,2012-12-31,2013-03-31,2013-06-30,2013-09-30,2013-12-31,2014-03-31,2014-06-30,2014-09-30,2014-12-31,2015-03-31,2015-06-30,2015-09-30
CashAndCashEquivalentsPeriodIncreaseDecrease,,,-369000.000,,,,293000.000,,,,61000.000,,,,-85000.000,,
ConstructionInProgressExpendituresIncurredButNotYetPaid,,,,,,,15000.000,,,,,,,,,,
CostOfPropertyRepairsAndMaintenance,108000.000,,,,,,,,,,,,,,,,
DepreciationAndAmortization,139000.000,139000.000,131000.000,128000.000,128000.000,178000.000,129000.000,130000.000,147000.000,133000.000,168000.000,119000.000,126000.000,128000.000,123000.000,58000.000,
DepreciationDepletionAndAmortization,,,,,,,,,,,168000.000,,,,123000.000,,
DerivativeGainLossOnDerivativeNet,,,,,,,,,,,16000.000,,,,,,
DiscontinuedOperationGainLossFromDisposalOfDiscontinuedOperationBeforeIncomeTax,,,,,,,,,,,,,,,,,2682000.000
DiscontinuedOperationIncomeLossFromDiscontinuedOperationBeforeIncomeTax,,,,,,,,,,,,,,,,,-105000.000
DiscontinuedOperationIncomeLossFromDiscontinuedOperationDuringPhaseOutPeriodNetOfTax,,,,,,,,164000.000,170000.000,,,,-1000.000,,,,
DisposalGroupIncludingDiscontinuedOperationDepreciationAndAmortization,,,,,,,,,,,,,,,,65000.000,98000.000
DisposalGroupIncludingDiscontinuedOperationGeneralAndAdministrativeExpense,,,,,,,,,,,,,,,,,4000.000
DisposalGroupIncludingDiscontinuedOperationInterestExpense,,,,,,,64000.000,-58000.000,-61000.000,,,,,,,,80000.000
DisposalGroupIncludingDiscontinuedOperationOperatingExpense,,,,,,,195000.000,111000.000,32000.000,773000.000,10000.000,17000.000,1000.000,3000.000,,91000.000,244000.000
DisposalGroupIncludingDiscontinuedOperationOperatingIncomeLoss,,,,,,,91000.000,222000.000,231000.000,,-10000.000,-17000.000,-1000.000,,,-91000.000,-25000.000
DisposalGroupIncludingDiscontinuedOperationOtherExpense,,,,,,,,-58000.000,-61000.000,,,,,,10000.000,,
DisposalGroupIncludingDiscontinuedOperationOtherIncome,,,,,,,,,,,,,,,,,2602000.000
DisposalGroupIncludingDiscontinuedOperationRentalIncome,,,,,,,286000.000,333000.000,263000.000,0.000,,,,,,,219000.000
DisposalGroupIncludingDiscontinuedOperationRevenue,,,,,,,286000.000,333000.000,263000.000,0.000,,,,,,,219000.000
EquityMethodInvestmentOtherThanTemporaryImpairment,,0.000,,,,,,,,,,,,,,,
EquityMethodInvestmentSummarizedFinancialInformationNetIncomeLoss,,,,-757000.000,-930000.000,,-509000.000,,,,,,,,,,
EquityMethodInvestmentSummarizedFinancialInformationRevenue,,,,4354000.000,4247000.000,,4689000.000,,,,,,,,,,
GainLossOnDispositionOfRealEstateDiscontinuedOperations,,,,,,,,,-576000.000,,,,,,,,
GeneralAndAdministrativeExpense,27000.000,16000.000,17000.000,25000.000,27000.000,24000.000,22000.000,15000.000,30000.000,12000.000,8000.000,32000.000,16000.000,16000.000,5000.000,32000.000,11000.000
ImpairmentOfRealEstate,,,,,,,0.000,,,,,,,,,,
IncomeLossBeforeExtraordinaryItemsAndCumulativeEffectOfChangeInAccountingPrinciple,,,,,,,-496000.000,,,,,,,,,,
IncomeLossFromContinuingOperationsIncludingPortionAttributableToNoncontrollingInterest,,,,,,,,-387000.000,1230000.000,,-581000.000,-378000.000,1528000.000,-2419000.000,-300000.000,-231000.000,-61000.000
IncomeLossFromContinuingOperationsPerOutstandingLimitedPartnershipUnitBasicNetOfTax,,,,,,,,-194.670,618.710,,-292.250,-190.140,768.610,-1216.800,-150.910,-116.200,-30.680
IncomeLossFromDiscontinuedOperationsNetOfTax,,,,,,,25000.000,164000.000,-406000.000,-12000.000,-10000.000,-17000.000,-1000.000,-3000.000,-1000.000,-91000.000,2577000.000
IncomeLossFromDiscontinuedOperationsNetOfTaxPerOutstandingLimitedPartnershipUnitBasic,,,,,,,,82.490,-204.230,,-5.030,-8.550,-0.500,-1.520,-0.500,-45.770,1296.280
IncomeLossFromEquityMethodInvestments,-366000.000,-312000.000,-238000.000,-314000.000,-324000.000,-187000.000,-200000.000,-115000.000,1565000.000,109000.000,-152000.000,-83000.000,1857000.000,-75000.000,-5000.000,34000.000,141000.000
IncomeLossFromOperationsBeforeExtraordinaryItemsPerOutstandingLimitedPartnershipUnitBasicNetOfTax,,,,,,,,-13.580,,,,,,,,,
IncomeTaxExpenseBenefit,,2000.000,2000.000,-5000.000,8000.000,2000.000,2000.000,-2000.000,-6000.000,0.000,,,,,,,
IncreaseDecreaseInAccountsPayableAndAccruedLiabilities,,,,,,,,,,,-73000.000,,,,-306000.000,,
IncreaseDecreaseInAccountsPayableAndOtherOperatingLiabilities,,,-402000.000,,,,-149000.000,,,,,,,,,,
IncreaseDecreaseInAccountsPayableRelatedParties,,,211000.000,,,,23000.000,,,,144000.000,,,,135000.000,,
IncreaseDecreaseInAccountsReceivable,,,-103000.000,,,,132000.000,,,,,,,,,,
IncreaseDecreaseInAccountsReceivableRelatedParties,,,10000.000,,,,217000.000,,,,,,,,,,
IncreaseDecreaseInOtherOperatingAssets,,,61000.000,,,,87000.000,,,,71000.000,,,,31000.000,,
InterestAndOtherIncome,,0.000,,,,,,,,,,,,,,,
InterestExpense,103000.000,107000.000,117000.000,124000.000,132000.000,170000.000,112000.000,117000.000,115000.000,90000.000,89000.000,90000.000,92000.000,93000.000,91000.000,86000.000,9000.000
InterestExpenseRelatedParty,,,,,,,,32000.000,,,,,,,,,
InterestPaid,,,,,,,,,,,81000.000,,,,78000.000,,
InterestPaidNet,,,83000.000,,,,132000.000,,,,,,,,,,
InvestmentIncomeNet,,,,,,,,1000.000,11000.000,,,,,,,,
NetCashProvidedByUsedInFinancingActivities,,,453000.000,,,,1441000.000,,,,-26000.000,,,,40000.000,,
NetCashProvidedByUsedInFinancingActivitiesContinuingOperations,,,453000.000,,,,1441000.000,,,,-26000.000,,,,40000.000,,
NetCashProvidedByUsedInInvestingActivities,,,-500000.000,,,,-546000.000,,,,309000.000,,,,283000.000,,
NetCashProvidedByUsedInInvestingActivitiesContinuingOperations,,,-500000.000,,,,-546000.000,,,,309000.000,,,,283000.000,,
NetCashProvidedByUsedInOperatingActivities,,,-322000.000,,,,-602000.000,,,,-222000.000,,,,-408000.000,,
NetCashProvidedByUsedInOperatingActivitiesContinuingOperations,,,-322000.000,,,,-602000.000,,,,-222000.000,,,,-408000.000,,
NetIncomeLoss,-631000.000,-544000.000,-530000.000,-558000.000,-628000.000,-432000.000,-419000.000,-250000.000,323000.000,-158000.000,-596000.000,-399000.000,1566000.000,-1577000.000,-264000.000,-285000.000,1474000.000
NetIncomeLossAttributableToNoncontrollingInterest,-50000.000,-17000.000,-43000.000,-46000.000,-42000.000,31000.000,-52000.000,27000.000,501000.000,-10000.000,5000.000,4000.000,-39000.000,-845000.000,-37000.000,-37000.000,1042000.000
NetIncomeLossPerOutstandingLimitedPartnershipUnit,-317.400,-273.640,-266.600,,,,,,,,,,,,,,
NetIncomeLossPerOutstandingLimitedPartnershipUnitBasicNetOfTax,,,,,,,,-125.750,162.470,,-299.800,-200.700,787.730,-793.270,-132.790,-143.360,741.460
NonoperatingIncomeExpense,-469000.000,-421000.000,-357000.000,-433000.000,-464000.000,-359000.000,-314000.000,-229000.000,1467000.000,19000.000,-241000.000,-173000.000,1765000.000,-168000.000,-96000.000,-52000.000,-9000.000
OperatingExpenses,445000.000,390000.000,534000.000,415000.000,461000.000,493000.000,434000.000,402000.000,502000.000,411000.000,584000.000,427000.000,463000.000,2482000.000,417000.000,393000.000,193000.000
OperatingIncomeLoss,-212000.000,-140000.000,-216000.000,-171000.000,-206000.000,-42000.000,-182000.000,-158000.000,-237000.000,-175000.000,-340000.000,-205000.000,-237000.000,-2251000.000,-204000.000,-179000.000,-52000.000
OperatingLeasesIncomeStatementLeaseRevenue,233000.000,250000.000,318000.000,244000.000,255000.000,451000.000,252000.000,244000.000,265000.000,236000.000,244000.000,222000.000,226000.000,231000.000,213000.000,214000.000,
OwnedPropertyManagementCosts,,21000.000,164000.000,89000.000,133000.000,138000.000,113000.000,78000.000,158000.000,86000.000,184000.000,78000.000,132000.000,145000.000,89000.000,80000.000,
PaymentsForProceedsFromOtherInvestingActivities,,,,,,,,,,,,,,,-75000.000,,
PaymentsToAcquireBusinessesAndInterestInAffiliates,,,325000.000,,,,,,,,,,,,,,
PaymentsToAcquireEquityMethodInvestments,,,,,,,,,,,272000.000,,,,75000.000,,
PaymentsToDevelopRealEstateAssets,,,211000.000,,,,504000.000,,,,32000.000,,,,29000.000,,
ProceedsFromCollectionOfNotesReceivable,,,,,,,,,,,3000.000,,,,1000.000,,
ProceedsFromContributionsFromAffiliates,,,97000.000,,,,146000.000,,,,,,,,,,
ProceedsFromDistributionsReceivedFromRealEstatePartnerships,,,,,,,50000.000,,,,,,,,,,
ProceedsFromEquityMethodInvestmentDividendsOrDistributionsReturnOfCapital,,,,,,,,,,,100000.000,,,,275000.000,,
ProceedsFromNotesPayable,,,203000.000,,,,460000.000,,,,,,,,,,
ProceedsFromRelatedPartyDebt,,,176000.000,,,,860000.000,,,,,,,,,,
ProceedsFromRentsReceived,,,,99000.000,99000.000,,334000.000,,,,,,,,,,
ProfessionalFees,33000.000,59000.000,104000.000,57000.000,45000.000,31000.000,57000.000,59000.000,42000.000,58000.000,79000.000,52000.000,51000.000,63000.000,68000.000,70000.000,54000.000
ProfitLoss,-681000.000,-561000.000,-573000.000,-604000.000,-670000.000,-401000.000,-471000.000,-223000.000,824000.000,-168000.000,-591000.000,-395000.000,1527000.000,-2422000.000,-301000.000,-322000.000,2516000.000
ProvisionForDoubtfulAccounts,,,38000.000,,,,1000.000,,,,40000.000,,,,4000.000,,
RealEstateTaxExpense,,,,,,,,5000.000,,,,,,,,,
RelatedPartyTransactionRate,,,,,,,,,,,0.028,,,,,,
RepaymentsOfNotesPayable,,,23000.000,,,,25000.000,,,,26000.000,,,,27000.000,,
Revenues,233000.000,,318000.000,244000.000,255000.000,451000.000,252000.000,244000.000,265000.000,236000.000,244000.000,222000.000,226000.000,231000.000,213000.000,214000.000,
SalesRevenueNet,233000.000,,318000.000,244000.000,255000.000,451000.000,252000.000,244000.000,265000.000,236000.000,244000.000,222000.000,226000.000,231000.000,213000.000,214000.000,
WeightedAverageLimitedPartnershipUnitsOutstanding,1988000.000,1988000.000,1988000.000,1988.000,1988.000,-1989988.000,1988.000,1988.000,1988.000,-3976.000,1988.000,1988.000,1988.000,-3976.000,1988.000,1988.000,1988.000
