,2011-09-30,2012-03-31,2012-09-30,2013-03-31,2013-06-30,2013-09-30,2013-12-31,2014-03-31,2014-06-30,2014-09-30,2014-12-31,2015-03-31,2015-06-30,2015-09-30,2015-12-31,2016-03-31,2016-06-30,2016-09-30,2016-12-31,2017-03-31
AdjustmentForAmortization,,,,,,,,,,,,-461265.000,,,,,,,,
AdjustmentsForNoncashItemsIncludedInIncomeLossFromContinuingOperations,,-365628.000,,,,,,,,,,,,,,,,,,
AmortizationOfDebtDiscountPremium,,22510.000,,16509.000,,,,368872.000,,,,461265.000,,,,187853.000,,,,47478.000
AssumptionForFairValueOfInterestsContinuedToBeHeldByTransferorServicingAssetsOrLiabilitiesDiscountRate,,,0.001,,,,,,,,,,,,,,,,,
CapitalizedComputerSoftwareAdditions,,,,,,,,,,,,,,,,1156255.000,1242131.000,526887.000,0.000,
CashPeriodIncreaseDecrease,,10127.000,,-97.000,,,,44003.000,,,,13766.000,,,,78730.000,,,,11665.000
ConversionOfStockSharesIssued1,,,,,,,,681824.000,,,,,,,,,,,,
DebtInstrumentConvertibleIfConvertedValueInExcessOfPrincipal,,,,,,,,,,,,312144.000,,,,,,,,
DebtInstrumentIncreaseAccruedInterest,,,,,,,,,,,,2149.000,,,,,,,,
DebtInstrumentIncreaseDecreaseOtherNet,,,,,,,,,,,,40000.000,,,,,,,,
Depreciation,7000.000,,,,,,,,,,,,,,,,,,,
DepreciationDepletionAndAmortization,,,,,,,,192652.000,288978.000,288978.000,288978.000,288977.000,288979.000,288978.000,,,,,,
EarningsPerShareBasic,,,,,,,,,,,,,,,,,,,,0.000
EarningsPerShareBasicAndDiluted,-0.000,-0.000,-0.000,-0.040,-0.040,-0.050,-0.030,-0.800,-0.160,-0.020,0.290,0.000,0.000,-0.000,-0.530,-0.000,-0.000,-0.000,,
EarningsPerShareDiluted,,,,,,,,,,,,,,,,,,,,0.000
EffectOnFutureEarningsOffsetAmount,,,,,,,,,,,,,,,,,,,,1372907.000
ExplorationExpense,0.000,,,,,,,,,,,,,,,,,,,
FairValueAssumptionsExpectedDividendRate,,,0.000,,,,,,,,,0.000,,,,0.000,,,,0.000
FairValueAssumptionsExpectedVolatilityRate,,,2.990,,,,,,,,,,,,,,,,,
FairValueAssumptionsRiskFreeInterestRate,,,,,,,,,,,,0.001,,,,,,,,
FairValueAssumptionsWeightedAverageVolatilityRate,,,,,,,,,,,,3.070,,,,2.770,,,,2.820
FranchisorRevenue,,,,,,,,,,,,252788.000,,,,1296131.000,,,,
GainLossOnDerivativeInstrumentsNetPretax,,-9487.000,11045.000,,,,,1329.000,86764.000,-1812364.000,285060.000,-145376.000,170640.000,127874.000,90403.000,186963.000,186659.000,419076.000,814581.000,732952.000
GainLossRelatedToLitigationSettlement,,,,-47143.000,-242570.000,,,,,,,,,,,,,,,
GeneralAndAdministrativeExpense,6000.000,287605.000,930977.000,,,,,632314.000,698757.000,489789.000,490748.000,361186.000,365822.000,361699.000,422819.000,385202.000,453163.000,338649.000,261827.000,262934.000
ImpairmentOfLongLivedAssetsHeldForUse,,,,,,,,192652.000,,,,288977.000,,,,,,,,
IncomeLossFromContinuingOperations,,-287605.000,-930977.000,,,,,-794966.000,-942735.000,-711449.000,-692416.000,-519459.000,-171429.000,-587750.000,,,,,,
IncreaseDecreaseInAccountsPayable,,,,47143.000,,,,,,,,90671.000,,,,,,,,
IncreaseDecreaseInAccountsPayableAndAccruedLiabilities,,121244.000,,,,,,215657.000,,,,66106.000,,,,10267.000,,,,33068.000
IncreaseDecreaseInAccountsPayableRelatedParties,,65049.000,,127915.000,,,,169469.000,,,,152387.000,,,,1180677.000,,,,282637.000
IncreaseDecreaseInAccountsReceivable,,,,,,,,-15000.000,,,,-5078.000,,,,854032.000,,,,
IncreaseDecreaseInAccountsReceivableRelatedParties,,,,,,,,,,,,,,,,,,,,9982.000
IncreaseDecreaseInAccruedLiabilities,,,,156329.000,,,,,,,,,,,,,,,,
IncreaseDecreaseInDerivativeLiabilities,,,,,,,,,,,,145376.000,,,,-186963.000,,,,-732952.000
IncreaseDecreaseInPrepaidExpense,,,,,,,,,,,,5000.000,,,,-102.000,,,,765.000
IncrementalCommonSharesAttributableToConversionOfDebtSecurities,,,,,,,,,,,,,,,,12681208148.000,,,,
InterestExpense,,-68536.000,173537.000,126347.000,186165.000,222328.000,346072.000,2135259.000,644337.000,748305.000,1526637.000,524478.000,335402.000,265167.000,280100.000,226255.000,236547.000,231624.000,227894.000,207809.000
InterestExpenseNegotiableOrderOfWithdrawalNOWDeposits,,,,,,,,1681578.000,,,,42743.000,,,,,,,,
InterestExpenseTradingLiabilities,,37465.000,,,,,,,,,,,,,,,,,,
InterestIncomeOther,,,400.000,,,,,,,,,,,,,,,,,
InterestOnConvertibleDebtNetOfTax,,,,,,,,,,,,,,,,,,,,140233.000
InterestPaid,,,,,,,,,,,,,,,,,,,,18567.000
LeaseAndRentalExpense,,,,43187.000,,,,,,,,,,,,,,,,
NetCashProvidedByUsedInFinancingActivities,,120000.000,,47500.000,,,,154500.000,,,,40000.000,,,,-55357.000,,,,-26362.000
NetCashProvidedByUsedInFinancingActivitiesContinuingOperations,,120000.000,,47500.000,,,,154500.000,,,,40000.000,,,,-55357.000,,,,-26362.000
NetCashProvidedByUsedInOperatingActivities,,-109873.000,,-47597.000,,,,-110497.000,,,,-26234.000,,,,134087.000,,,,38027.000
NetCashProvidedByUsedInOperatingActivitiesContinuingOperations,,-109873.000,,47597.000,,,,-110497.000,,,,-26234.000,,,,134087.000,,,,38027.000
NetIncomeLoss,-13000.000,,,-477463.000,-828594.000,-1185094.000,-862878.000,-3181301.000,-1510381.000,-3274101.000,-2380832.000,-1279987.000,-378034.000,-739133.000,-2468693.000,-209553.000,-16199.000,-1161.000,425767.000,418543.000
NonoperatingIncomeExpense,,,,-212898.000,-410812.000,-210250.000,,,,,,,,,,,,,,
OperatingCostsAndExpenses,,287605.000,930977.000,,,,,824966.000,987735.000,778767.000,779726.000,650163.000,654801.000,1889407.000,,,,,,
OperatingExpenses,13000.000,,,264565.000,417782.000,974844.000,,,,,,,,,,1541457.000,1695294.000,865536.000,261827.000,262934.000
OperatingIncomeLoss,,-365628.000,-1093069.000,,,,,,,,,,,,,-164525.000,8078.000,-188613.000,-160919.000,-106600.000
OtherComprehensiveIncomeLossReclassificationAdjustmentFromAOCIOnDerivativesNetOfTax,,,,,,,,-222512.000,,,,-576362.000,,,,-31995.000,,,,-2193.000
OtherCostAndExpenseOperating,,,,,,,,,,,,,,1238730.000,,,,,,
OtherIncome,,-78023.000,-162092.000,,,,,-2386335.000,-567646.000,-2562652.000,-1688416.000,-760528.000,-206605.000,-151383.000,-125350.000,-45028.000,-24277.000,187452.000,586686.000,525143.000
PaymentsForRent,,,,,,,,,,,,,,,,,,,,15000.000
PreferredStockRedemptionDiscount,,,,,,,,,,,,,,,,,,,,2362.000
ProFormaWeightedAverageSharesOutstandingDiluted,,,,,,,,,,,,,,,,,,,,37415912975.000
ProceedsFromIssuanceOrSaleOfEquity,,,,,,,,,,,,12933.000,,,,933.000,,,,
ProceedsFromNotesPayable,,10000.000,,,,,,,,,,,,,,,,,,34824.000
ProceedsFromRelatedPartyDebt,,,,47500.000,,,,152000.000,,,,40000.000,,,,,,,,
ProceedsFromRepaymentsOfRelatedPartyDebt,,,,,,,,2500.000,,,,,,,,,,,,
ProceedsFromSaleOfTreasuryStock,,10000.000,,,,,,,,,,,,,,,,,,
ProfitLossFromRealEstateOperations,,,,-264565.000,-417782.000,-974844.000,,,,,,,,,,,,,,
ProvisionForDoubtfulAccounts,,,,,,,,,,,,,,,,,,,,5521.000
RepaymentsOfConvertibleDebt,,,,,,,,,,,,,,,,,,,,36180720000.000
RepaymentsOfShortTermDebt,,,,,,,,,,,,,,,,55357.000,,,,61186.000
RevenueFromRelatedParties,,,,,,,,,,,,,,,,,,,,156334.000
Revenues,,,,,,,,30000.000,45000.000,67318.000,87310.000,130704.000,483372.000,1301657.000,1172447.000,1376932.000,1703372.000,676923.000,100908.000,
SalesRevenueNet,,,,,,,,2416335.000,612646.000,2629970.000,1775726.000,891232.000,689977.000,1453040.000,1297797.000,1421960.000,1727649.000,489471.000,-485778.000,
SellingGeneralAndAdministrativeExpense,,,,264565.000,417782.000,974844.000,,,,,,,,,,,,,,
ShareBasedCompensation,,,,,,,,74500.000,,,,6150.000,,,,,,,,
StockIssuedDuringPeriodSharesIssuedForCash,,,,,,,,,,,,1279264908.000,,,,,,,,
StockIssuedDuringPeriodValueOther,,,,,,,,321559.000,,,,903589.000,,,,,,,,3056.000
UnrealizedGainLossOnDerivatives,,9487.000,,-39408.000,17923.000,12078.000,-95417.000,1329.000,,,,-145376.000,,,,186963.000,,,,-732952.000
WeightedAverageNumberOfDilutedSharesOutstanding,,844092578.000,,,,,,,,,,,,,,,,,,
WeightedAverageNumberOfShareOutstandingBasicAndDiluted,,,947407853.000,13143166.000,20033885.000,21902552.000,-33944424.000,3970710.000,9576580.000,191865726.000,-190392463.000,543487502.000,88897055.000,500226116.000,-1123363494.000,99026812.000,642368207.000,1001938251.000,,
WeightedAverageNumberOfSharesOutstandingBasic,,,,,,,,,,,,,,,,,,,,1235190613.000
