,2011-06-30,2011-09-30,2011-12-31,2012-03-31,2012-06-30,2012-09-30,2012-12-31,2013-03-31,2013-06-30,2013-09-30,2013-12-31,2014-03-31,2014-06-30,2014-09-30,2014-12-31,2015-03-31,2015-06-30,2015-09-30,2015-12-31,2016-03-31,2016-06-30,2016-09-30,2016-12-31,2017-03-31
AmortizationOfDebtDiscountPremium,,,,,,,,,,,,,481900.000,,,,550800.000,,,,0.000,,,
AntidilutiveSecuritiesExcludedFromComputationOfEarningsPerShareAmount,,,,,,,,,389249.000,,,,,,3088010.000,,,,,,9909219.000,,,
CashAndCashEquivalentsPeriodIncreaseDecrease,802732.000,,,,-49300.000,,,,-548300.000,,,,400700.000,,,,51000.000,,,,8071400.000,,,
ChemicalsRevenue,,,,,187200.000,,,,,,,,,,,,,,,,,,,
ComprehensiveIncomeNetOfTax,,,,,,,,,,-1459800.000,131000.000,,-4553300.000,-2020900.000,-1090300.000,,,,,,-1967100.000,-3101100.000,-2638500.000,
DebtConversionConvertedInstrumentAmount1,,,,,,,,,,,,,,,,,15400000.000,,,,,,,
DebtConversionConvertedInstrumentSharesIssued1,,,,,,,,,,,,,,,,,2363789.000,,,,,,,
DebtConversionConvertedInstrumentWarrantsOrOptionsIssued1,,,,,,,,,,,,,,,,,,,,,39714.000,,,
DepreciationAndAmortization,10765.000,,,,5900.000,,,,12200.000,,,,13100.000,,,,14500.000,,,,13300.000,,,
DividendsPreferredStock,,,,,,,,,,,,,,,,,,,,,539000.000,,,
EarningsPerShareBasic,,,,,,,,,0.010,,0.010,,-0.190,-1.580,-0.840,-7.920,,-5.260,-1.950,,,,,
EarningsPerShareBasicAndDiluted,,,,,,,,,,-0.070,,,,,,,-19.230,,,,-0.510,-0.420,-0.340,-0.270
EarningsPerShareDiluted,-0.220,-0.150,-0.280,-0.180,-0.110,-0.120,,,-0.020,,-0.020,,-0.190,-1.900,-1.080,-7.440,,-5.260,-1.950,,,,,
EffectOfExchangeRateOnCashAndCashEquivalentsContinuingOperations,,,,,,,,,,,,,,,,,,,,,0.000,,,
ExtinguishmentOfDebtAmount,,,,,,,,,,,,,,,,,,,,,25050900.000,,,
FairValueAdjustmentOfWarrants,,,,,,,,,,,,,,-441700.000,-314900.000,,,,,,,,,
FairValueAssetsAndLiabilitiesMeasuredOnRecurringBasisGainLossIncludedInEarnings,,,,,,,,,-1804900.000,,,,,,,,1894700.000,,,,,,,
FairValueAssumptionsExpectedDividendRate,,,,,,,,,,,,,,,,,,,,,0.000,,,
FairValueAssumptionsExpectedVolatilityRate,,,,,,,,,,,,,,,,,,,,,0.784,,,
FairValueAssumptionsRiskFreeInterestRate,,,,,,,,,,,,,,,,,,,,,0.013,,,
FairValueMeasurementWithUnobservableInputsReconciliationRecurringBasisLiabilityTransfersNet,,,,,,,,,,,,,,,,,-4903200.000,,,,,,,
GainLossOnSaleOfDerivatives,,,,,,,,,,,,,,,953700.000,,,,,,,,,
GainsLossesOnExtinguishmentOfDebt,,,-1193500.000,,,,,,,,,,-768000.000,-1603400.000,,,-25050900.000,-1649300.000,,,0.000,0.000,0.000,0.000
GeneralAndAdministrativeExpense,1126608.000,894580.000,1547942.000,1427870.000,1055300.000,575900.000,,,604600.000,545900.000,897000.000,500800.000,797200.000,556100.000,671300.000,2319800.000,1448500.000,3730500.000,1335500.000,7404100.000,1137600.000,1493600.000,2276600.000,1387000.000
IncomeLossFromContinuingOperationsBeforeIncomeTaxesMinorityInterestAndIncomeLossFromEquityMethodInvestments,-2409477.000,-2256324.000,-4500187.000,-3041912.000,-1824000.000,-1955700.000,,,188400.000,-1459800.000,131000.000,-1824600.000,-4550900.000,-2020900.000,-1090300.000,-6221300.000,-29521800.000,-7048100.000,-2146600.000,-8501700.000,-1964700.000,-3101100.000,-2638500.000,
IncomeTaxExpenseBenefit,1600.000,0.000,0.000,0.000,1900.000,,,,2700.000,,,,2400.000,,,,-2300.000,,,,2400.000,0.000,0.000,0.000
IncreaseDecreaseInAccountsPayableAndAccruedLiabilities,583943.000,,,,816100.000,,,,616300.000,,,,193400.000,,,,291000.000,,,,-267100.000,,,
IncreaseDecreaseInAccountsReceivable,106312.000,,,,106200.000,,,,,,,,,,,,,,,,,,,
IncreaseDecreaseInDeferredCharges,,,,,,,,,,,,,,,,,4700.000,,,,-7900.000,,,
IncreaseDecreaseInDeferredRevenue,-39389.000,,,,-13200.000,,,,,,,,,,,,,,,,,,,
IncreaseDecreaseInPrepaidDeferredExpenseAndOtherAssets,187541.000,,,,-3700.000,,,,-36100.000,,,,-11900.000,,,,-8200.000,,,,34600.000,,,
InterestExpense,731612.000,450507.000,455525.000,255556.000,-102800.000,-273500.000,,,-316400.000,-323200.000,-360900.000,-502500.000,-784900.000,605600.000,792400.000,3935600.000,755100.000,12200.000,2500.000,1000.000,1400.000,1400.000,900.000,900.000
InterestIncomeExpenseNet,,,,,5100.000,,,,,,,,,,,,,,,,,,,
IssuanceOfStockAndWarrantsForServicesOrClaims,131250.000,,,,,,,,,,,,,,,,,,,,,,,
LiabilitiesFairValueAdjustment,,,,,,,,,-649300.000,,-620900.000,,,,,,,,,,,,,
LicensesRevenue,,,,,,,,,,,,,,,,,,,,,,,1250000.000,
NetCashProvidedByUsedInFinancingActivities,1889257.000,,,,246900.000,,,,193100.000,,,,1412500.000,,,,874300.000,,,,9744400.000,,,
NetCashProvidedByUsedInFinancingActivitiesContinuingOperations,1889257.000,,,,246900.000,,,,193100.000,,,,1412500.000,,,,874300.000,,,,9744400.000,,,
NetCashProvidedByUsedInInvestingActivities,,,,,,,,,9600.000,,,,,,,,,,,,-2000.000,,,
NetCashProvidedByUsedInInvestingActivitiesContinuingOperations,,,,,,,,,9600.000,,,,,,,,,,,,-2000.000,,,
NetCashProvidedByUsedInOperatingActivities,-1086525.000,,,,-296200.000,,,,-731800.000,,,,-1011800.000,,,,-823300.000,,,,-1671000.000,,,
NetCashProvidedByUsedInOperatingActivitiesContinuingOperations,-1086525.000,,,,-296200.000,,,,-731800.000,,,,-1011800.000,,,,-823300.000,,,,-1671000.000,,,
NetIncomeLoss,-2411077.000,-2256324.000,-4500187.000,-3041912.000,-1825900.000,-1955700.000,,,185700.000,-1459800.000,131000.000,-1824600.000,-4553300.000,-2020900.000,-1090300.000,-6221300.000,-29524100.000,-7048100.000,-2146600.000,-8501700.000,-1967100.000,-3101100.000,-2638500.000,-2548800.000
NetIncomeLossAttributableToParentDiluted,,,,,,,,,,,,,,,,,,-8549700.000,-3446600.000,,,,,
NetIncomeLossAvailableToCommonStockholdersBasic,,,,,,,,,,,131000.000,,-4553300.000,-2462600.000,-1405200.000,-5464700.000,-29993600.000,-8549700.000,-3446600.000,-9429100.000,-2618000.000,-3342100.000,-2876200.000,-2787300.000
NetIncomeLossAvailableToCommonStockholdersDiluted,,,,,,,,,-463600.000,,-489800.000,,-4553300.000,,,,,,,,,,,
OperatingExpenses,2154497.000,2122105.000,2853527.000,3255471.000,1921600.000,1682200.000,,,1300100.000,1215200.000,1448300.000,1065300.000,1270800.000,1113700.000,1116700.000,3275900.000,1821100.000,5386600.000,2141800.000,8500700.000,1963300.000,3099700.000,3887600.000,2547900.000
OperatingIncomeLoss,-1599881.000,-1805817.000,-2851162.000,-2786540.000,-1721200.000,-1682200.000,,,-1300100.000,-1215200.000,-1448300.000,-1065300.000,-1270800.000,-1113700.000,-1116700.000,-3275900.000,-1821100.000,-5386600.000,-2141800.000,-8500700.000,-1963300.000,-3099700.000,-2637600.000,-2547900.000
OtherExpenses,,,,,,,,,,,,,,,134900.000,,,,,,,,,
OtherIncome,,0.000,0.000,,,,,,,,,,,,,,,,-2300.000,,,,,
OtherNonoperatingIncomeExpense,,,,,,,,,,,,,,,,,,,,,,,0.000,
OtherSalesRevenueNet,,0.000,0.000,,,,,,,,,,,,,,,,,,,,,
PartnersCapitalAccountPrivatePlacementOfUnits,,,,,,,525000.000,,,,,,,,,,,,,,,,,
PaymentsForRestructuring,,,,,,,,,,,,,-1400.000,,,,,,,,,,,
PaymentsToAcquireMachineryAndEquipment,,,,,,,,,-9600.000,,,,,,,,,,,,2000.000,,,
PreferredStockDividendsAndOtherAdjustments,,,,,,,,,,,,,,,,,-213300.000,-614700.000,-631300.000,,-539800.000,-241000.000,-237700.000,
ProceedsFromIssuanceOfCommonStock,2217194.000,,,,,,,,57000.000,,,,1520000.000,,,,280000.000,,,,9537100.000,,,
ProceedsFromIssuanceOrSaleOfEquity,,,,,,,,,,,,,,,,,607500.000,,,,,,,
ProceedsFromSaleOfSecuritiesOperatingActivities,,,,,,,,,,,,,,,,,,,,,278000.000,,,
ProfitLoss,,,,,,,,,185700.000,,,,-4553300.000,,,,,,,,,,,
RedeemablePreferredStockDividends,,,,,,,,,,,,,,,,,-256200.000,-886900.000,-668700.000,,-111100.000,0.000,0.000,
RepaymentsOfLongTermCapitalLeaseObligations,6865.000,,,,5700.000,,,,-1900.000,,,,-2000.000,,,,-200.000,,,,300.000,,,
RepaymentsOfNotesPayable,321072.000,,,,4700.000,,,,-40700.000,,,,-105500.000,,,,13000.000,,,,70400.000,,,
RepaymentsOfRelatedPartyDebt,,,,,,,,,,,,,3600.000,,,,,,,,,,,
ResearchAndDevelopmentExpense,1027889.000,1227525.000,1305585.000,1827601.000,866300.000,1106300.000,,,695500.000,,,,,,,,,,,,,,,
ResearchAndDevelopmentExpenseExcludingAcquiredInProcessCost,,,,,222600.000,,,,,669300.000,551300.000,,473600.000,557600.000,445400.000,956100.000,372600.000,1656100.000,806300.000,,825700.000,1606100.000,1611000.000,
RevenueFromGrants,554616.000,316288.000,2365.000,468931.000,200400.000,,,,,,,,,,,,,,,,,,,
Revenues,554616.000,316288.000,2365.000,468931.000,200400.000,,,,,,,,,,,,,,,,,,1250000.000,
SalesRevenueNet,554616.000,316288.000,2365.000,468931.000,200400.000,,,,,,,,,,,,,,,,,,1250000.000,
ShareBasedCompensation,439744.000,,,,71000.000,77300.000,813700.000,279300.000,198100.000,,469300.000,,203400.000,205000.000,155500.000,1896200.000,29200.000,3740700.000,98400.000,,107900.000,,267200.000,
ShareBasedCompensationArrangementByShareBasedPaymentAwardEquityInstrumentsOtherThanOptionsGrantsInPeriodWeightedAverageGrantDateFairValue,,,,,,,,,,,,,,,,,,,,,5.630,,,
ShareBasedCompensationArrangementByShareBasedPaymentAwardOptionsGrantsInPeriodGross,,,,,155000.000,,,,80000.000,,,,80000.000,,,,,,,,,,,
ShareBasedCompensationArrangementByShareBasedPaymentAwardOptionsOutstandingPeriodIncreaseDecreaseWeightedAverageExercisePrice,,,,,,,,,,,,,,,,,,,,,7.000,,,
ShareBasedCompensationArrangementsByShareBasedPaymentAwardOptionsExercisesInPeriodWeightedAverageExercisePrice,,,,,,,,,,,,,0.500,,,,,,,,,,,
ShareBasedCompensationArrangementsByShareBasedPaymentAwardOptionsGrantsInPeriodWeightedAverageExercisePrice,,,,,,,,,,,,,0.800,,,,,,,,,,,
ShareBasedCompensationArrangementsByShareBasedPaymentAwardOptionsOtherShareIncreaseDecreaseInPeriodWeightedAverageExercisePrice,,,,,,,,,,,,,,,,,,,,,8.450,,,
StockIssued1,,,,,,,,,,,,,,,,,,,,,223500.000,,,
StockIssuedDuringPeriodSharesShareBasedCompensation,,,,,,,,,,,,,200000.000,,,,,,,,,,,
StockOptionPlanExpense,,,,,,,,,,,126900.000,,61500.000,64600.000,30000.000,,15500.000,,,,,,,
WeightedAverageNumberOfDilutedSharesOutstanding,10774704.000,15241904.000,16035861.000,-27315818.000,16842655.000,16842655.000,,,21229190.000,,22210573.000,,24588086.000,1299099.000,1302300.000,-25870688.000,,1624371.000,1765641.000,,,,,
WeightedAverageNumberOfShareOutstandingBasicAndDiluted,,,,,,,,,,21630587.000,,,,,,,1559483.000,,,,5097832.000,8041619.000,8381824.000,-13989633.000
WeightedAverageNumberOfSharesIssuedBasic,,,,,,,,,,,,,,1279251.000,1302300.000,,,,,,,,,
WeightedAverageNumberOfSharesOutstandingBasic,,,,,,,,,20839941.000,,22210573.000,,24588086.000,1279251.000,1302300.000,-25850840.000,,1624371.000,1765641.000,,,,,
