,2011-06-30,2011-09-30,2012-03-31,2012-09-30,2013-03-31,2013-06-30,2014-03-31,2014-06-30,2014-09-30,2014-12-31,2015-03-31,2015-09-30,2016-03-31,2016-06-30,2016-09-30,2017-03-31
AmortizationOfDebtDiscountPremium,,,,,69553.000,137472.000,0.000,,,,,,,,,
AmortizationOfFinancingCosts,,4779.000,14337.000,14337.000,14337.000,14337.000,15906.000,25466.000,20686.000,20686.000,20686.000,20592.000,15325.000,329.000,,
AmortizationOfIntangibleAssets,,,,5000.000,5000.000,7116.000,,,,,,,,,,
AntidilutiveSecuritiesExcludedFromComputationOfEarningsPerShareAmount,,,,100000.000,335519.000,14093309.000,22671312.000,22873960.000,23594546.000,-65388316.000,,,7324630.000,,,5535000.000
CashAndCashEquivalentsPeriodIncreaseDecrease,,,-496798.000,,45964.000,,-428541.000,,,,-67293.000,,8457001.000,,,-692149.000
DebtConversionConvertedInstrumentAmount1,,,,,,,,,,,,,,,,2236907.000
DebtConversionOriginalDebtAmount1,,,,,,,,,,,,,,,,2666667.000
Depreciation,,,,73518.000,117620.000,123407.000,129940.000,126772.000,120759.000,135513.000,130734.000,129053.000,,,,
DepreciationAndAmortization,,,,73518.000,122620.000,126805.000,134719.000,126772.000,150084.000,140509.000,140509.000,273263.000,298950.000,136800.000,195821.000,189488.000
DepreciationDepletionAndAmortization,,,,,,,,,,,140509.000,,298950.000,,,189488.000
DepreciationNonproduction,40365.000,40365.000,40365.000,73518.000,122620.000,126805.000,129940.000,,,,,,,,,
DerivativeGainLossOnDerivativeNet,,,,,,229631.000,0.000,0.000,0.000,0.000,,,,,,
DerivativeLossOnDerivative,,,,,40649.000,,0.000,,,,,,,,,
EarningsPerShareBasic,0.000,-0.000,-0.020,-0.020,,,,,,,0.000,0.030,0.420,0.010,0.020,0.010
EarningsPerShareBasicAndDiluted,,,,,-0.020,-0.010,-0.000,-0.030,-0.020,-0.090,,,,,,
EarningsPerShareDiluted,0.000,-0.000,-0.020,-0.020,,,,,,,0.000,0.030,0.360,0.010,0.020,0.010
EffectiveIncomeTaxRateContinuingOperations,,,,,,,,,,,,,0.386,,,
EmbeddedDerivativeLossOnEmbeddedDerivative,,,,,40649.000,,,,,,,,,,,
EquipmentExpense,,,-6750.000,,,,-10998.000,,,,,,,,,
FairValueAssumptionsExpectedDividendRate,,,,,0.000,,,,,,,,,,,
FairValueAssumptionsExpectedVolatilityRate,,,,,1.003,,,,,,,,,,,
FairValueAssumptionsWeightedAverageVolatilityRate,,,,,0.001,,,,,,,,,,,
GainLossOnSaleOfDebtInvestments,,,,0.000,,,,,,,,,,,,
GainLossOnSaleOfProperties,,,,,,,,,,,,,9188968.000,,,
GainLossOnSaleOfPropertyPlantEquipment,,,,,,,,,,,,,9188968.000,23378.000,,
GainsLossesOnExtinguishmentOfDebt,67365.000,,,,,,,,,,,,,,,
GeneralAndAdministrativeExpense,,,,551871.000,253019.000,347326.000,405912.000,669208.000,548635.000,810504.000,553284.000,2234647.000,2405877.000,2535741.000,2404996.000,1535833.000
HealthCareOrganizationOtherRevenue,,,,,,,,,,,265103.000,516136.000,626612.000,629838.000,585978.000,578363.000
HealthCareOrganizationPatientServiceRevenue,,,,798077.000,1135012.000,1208813.000,2010974.000,1885569.000,1917597.000,2152245.000,2285288.000,5775987.000,6877665.000,7290456.000,7403084.000,7406986.000
HealthCareOrganizationPatientServiceRevenueLessProvisionForBadDebts,,,,,,,1972830.000,1848441.000,1627157.000,1605175.000,2240064.000,5775986.000,6615141.000,7023262.000,7083765.000,7141990.000
HealthCareOrganizationPatientServiceRevenueProvisionforBadDebts,,,,,,,38144.000,37128.000,290440.000,547070.000,45224.000,1.000,262524.000,267194.000,319319.000,264996.000
HealthCareOrganizationRevenueNetOfPatientServiceRevenueProvisions,,,,,,,2234753.000,2107164.000,1891045.000,1869640.000,2505167.000,6292122.000,7241753.000,7653100.000,7669743.000,7720353.000
IncomeLossFromContinuingOperationsBeforeIncomeTaxesExtraordinaryItemsNoncontrollingInterest,70404.000,-47915.000,-227512.000,-283423.000,-255069.000,-120392.000,-35099.000,-448571.000,-375620.000,-1630249.000,30689.000,631281.000,9620448.000,286949.000,584249.000,129501.000
IncomeTaxExpenseBenefit,14100.000,-9600.000,-23103.000,0.000,0.000,0.000,0.000,0.000,0.000,0.000,0.000,0.000,0.000,,,
IncomeTaxesPaid,,,,,0.000,,0.000,,,,0.000,,0.000,,,
IncreaseDecreaseInAccountsPayable,,,1367.000,,130161.000,,124299.000,,,,-38121.000,,122628.000,,,353849.000
IncreaseDecreaseInAccountsReceivable,,,,,131581.000,,512989.000,,,,492641.000,,1087059.000,,,1118306.000
IncreaseDecreaseInDeferredCharges,,,,,,,,,,,,,-59404.000,,,-51871.000
IncreaseDecreaseInDeferredIncomeTaxes,,,-23103.000,,0.000,,0.000,,,,,,,,,
IncreaseDecreaseInDeferredRevenue,,,13321.000,,-81.000,,-25180.000,,,,12876.000,,0.000,,,16918.000
IncreaseDecreaseInDeposits,,,-13.000,,0.000,,,,,,,,-14432.000,,,
IncreaseDecreaseInDueFromEmployeeCurrent,,,,,,,,,,,,,245933.000,,,132791.000
IncreaseDecreaseInPrepaidExpense,,,-6682.000,,-13066.000,,12579.000,,,,-26075.000,,-91623.000,,,229258.000
IncreaseDecreaseInRestrictedCashAndInvestments,,,,,55838.000,,47526.000,,,,66478.000,,-359414.000,,,
IncreaseDecreaseInRestrictedCashForOperatingActivities,,,-59913.000,,,,,,,,,,,,,
InterestExpense,,,,-135652.000,299641.000,381735.000,219253.000,217177.000,214798.000,,,,,,,
InterestExpenseRelatedParty,,,,1391.000,3206.000,3883.000,,,,,,,,,,
InterestIncomeExpenseNonoperatingNet,-77998.000,-83283.000,-114736.000,-135652.000,-299641.000,-381735.000,-219253.000,-217177.000,-214798.000,-215473.000,-363144.000,-202907.000,-181135.000,-51053.000,-56560.000,-32074.000
InterestPaid,,,114762.000,,175297.000,,219253.000,,,,264144.000,,181135.000,,,32328.000
LaborAndRelatedExpense,,,,406055.000,622759.000,641789.000,1065521.000,1090806.000,925513.000,1679733.000,946120.000,2240109.000,2780569.000,3139042.000,3158172.000,3354376.000
LineOfCreditFacilityAverageOutstandingAmount,,,,,,,,,,,,,,,,439524.000
NetAmountAtRiskByProductAndGuaranteeGuaranteedMinimumReturnRate,,,,,,,,,,,,,,,,1.000
NetCashProvidedByUsedInFinancingActivities,,,89983.000,,40250.000,,-97238.000,,,,15922.000,,-6802647.000,,,-108012.000
NetCashProvidedByUsedInFinancingActivitiesContinuingOperations,,,89983.000,,40250.000,,-97238.000,,,,15922.000,,-6802647.000,,,-108012.000
NetCashProvidedByUsedInInvestingActivities,,,-362064.000,,-2103.000,,-10998.000,,,,-8284.000,,14942424.000,,,-173729.000
NetCashProvidedByUsedInInvestingActivitiesContinuingOperations,,,-362064.000,,-2103.000,,-10998.000,,,,-8284.000,,14942424.000,,,-173729.000
NetCashProvidedByUsedInOperatingActivities,,,-224717.000,,7817.000,,-320305.000,,,,-173931.000,,317224.000,,,-410408.000
NetCashProvidedByUsedInOperatingActivitiesContinuingOperations,,,-224717.000,,7817.000,,-320305.000,,,,-173931.000,,317224.000,,,-410408.000
NetIncomeLoss,56304.000,-38315.000,-204409.000,-283423.000,-255069.000,-120392.000,-35099.000,-448571.000,-375620.000,-1630249.000,30689.000,631281.000,9566941.000,153137.000,544940.000,202519.000
NetIncomeLossAttributableToNoncontrollingInterest,,,,,,,,,,,,0.000,-53507.000,-133812.000,-39309.000,73018.000
NonoperatingIncomeExpense,,,-128322.000,-149239.000,-353877.000,-165628.000,-234409.000,-241893.000,-234734.000,-235409.000,-383080.000,-241899.000,9051365.000,18807.000,78984.000,18028.000
OperatingExpenses,304216.000,282758.000,429406.000,1202808.000,1302873.000,1424334.000,2035443.000,2313842.000,2031931.000,3264480.000,2091398.000,5418942.000,6672670.000,7384959.000,7164478.000,7608880.000
OperatingIncomeLoss,80302.000,40147.000,-99190.000,-134184.000,98808.000,45236.000,199310.000,-206678.000,-140886.000,-1394840.000,413769.000,873180.000,569083.000,268141.000,505265.000,111473.000
OtherDepreciationAndAmortization,,,,,,,,,,,,,208514.000,46364.000,105385.000,
OtherGeneralExpense,,,,171364.000,304475.000,308414.000,429291.000,427056.000,407699.000,633734.000,451485.000,670923.000,1187274.000,1573376.000,1405489.000,2529183.000
OtherNonoperatingIncome,735.000,,750.000,750.000,750.000,,,,,,,,,,,
OtherNonoperatingIncomeExpense,,,,,,813.000,750.000,750.000,750.000,750.000,750.000,-18400.000,58857.000,46812.000,135544.000,50102.000
OtherPaymentsToAcquireBusinesses,,,355301.000,,0.000,,,,,,,,,,,
PaymentsToAcquireMachineryAndEquipment,,,,,2103.000,,10998.000,,,,,,,,,
PaymentsToAcquirePropertyPlantAndEquipment,,,,,2103.000,271869.000,,,,,8284.000,,126073.000,,,173729.000
ProceedsFromConvertibleDebt,,,,,103500.000,,0.000,,,,,,,,,
ProceedsFromIssuanceOfDebt,,,,,,,,,,,74000.000,,90714.000,,,
ProceedsFromLinesOfCredit,,,,,,,100000.000,,,,140000.000,,372636.000,,,
ProceedsFromRelatedPartyDebt,,,110000.000,,36206.000,,,,,,,,,,,22113.000
ProceedsFromRepaymentsOfNotesPayable,,,-20017.000,,,,,,,,,,,,,
ProceedsFromRepaymentsOfRelatedPartyDebt,,,,,,,0.000,,,,,,,,,
ProceedsFromSaleOfPropertyPlantAndEquipment,,,,,,,,,,,,,15068497.000,,,
ProfitLoss,,,,,,,,,,,,631281.000,9620448.000,286949.000,584249.000,129501.000
PropertyPlantAndEquipmentAdditions,,,,,,,,,57663.000,,8284.000,52544.000,126073.000,23434.000,89911.000,173529.000
ProvisionForDoubtfulAccounts,,,,,,,38144.000,,,,45224.000,,262524.000,,,264996.000
RentalIncomeNonoperating,,,,,,,,,,,,,268513.000,,,
RepaymentsOfNotesPayable,,,,,99456.000,,197238.000,,,,198078.000,,7265997.000,,,130125.000
Revenues,384518.000,322905.000,330216.000,270547.000,266669.000,260757.000,261923.000,258723.000,263888.000,,,,,,,
SalesRevenueNet,384518.000,322905.000,330216.000,1068624.000,1401681.000,1469570.000,2234753.000,2107164.000,1891045.000,,,,,,,
SellingGeneralAndAdministrativeExpense,263851.000,242393.000,389041.000,551871.000,253019.000,347326.000,405912.000,669208.000,548635.000,810504.000,553284.000,,,,,
ShareBasedCompensation,,,,,60000.000,,0.000,,,,48250.000,,81300.000,,,63324.000
ShareBasedCompensationArrangementByShareBasedPaymentAwardOptionsForfeituresAndExpirationsInPeriod,,,,,,,,,,,,,0.000,,,
ShareBasedCompensationArrangementByShareBasedPaymentAwardOptionsGrantsInPeriodGross,,,,,,,,,,,,,0.000,,,
ShareBasedCompensationArrangementsByShareBasedPaymentAwardOptionsExercisesInPeriodWeightedAverageExercisePrice,,,,,,,,,,,,,0.000,,,
ShareBasedCompensationArrangementsByShareBasedPaymentAwardOptionsExpirationsInPeriodWeightedAverageExercisePrice,,,,,,,,,,,,,0.000,,,
ShareBasedCompensationArrangementsByShareBasedPaymentAwardOptionsGrantsInPeriodWeightedAverageExercisePrice,,,,,,,,,,,,,0.000,,,
SharebasedCompensationArrangementBySharebasedPaymentAwardOptionsVestedInPeriodFairValue1,,,,,,,,,,,,,,,,63324.000
StockIssued1,,,,,,,22240.000,,,,,,0.000,,,
StockIssuedDuringPeriodSharesConversionOfConvertibleSecurities,,,,,,,,,,,,,,,,1866667.000
StockIssuedDuringPeriodSharesNewIssues,,,,,,,,,,,,,500000.000,,,
StockIssuedDuringPeriodSharesRestrictedStockAwardNetOfForfeitures,,,,,,,,,,,,,100000.000,,,
StockIssuedDuringPeriodSharesStockOptionsExercised,,,,,,,,,,,,,0.000,,,
StockIssuedDuringPeriodValueAcquisitions,,,,,,,0.000,,,,99000.000,,,,,
StockIssuedDuringPeriodValueConversionOfConvertibleSecurities,,,,,,,,,,,,,,,,1400000.000
StockIssuedDuringPeriodValueIssuedForServices,,,,,60000.000,,22240.000,,,,381000.000,,,,,
StockIssuedDuringPeriodValueNewIssues,,,,,,,,,,,,,92000.000,,,
StockIssuedDuringPeriodValueOther,,,,,,,,,,,,,92000.000,,,
StockIssuedDuringPeriodValueShareBasedCompensationGross,,,,,,,,,,,,,,,,63324.000
WeightedAverageNumberOfDilutedSharesOutstanding,50116000.000,49716000.000,12462750.000,12706795.000,,,,,,,22090565.000,22992211.000,26219641.000,27196277.000,27751946.000,27052505.000
WeightedAverageNumberOfShareOutstandingBasicAndDiluted,,,,,12751906.000,12841154.000,16756648.000,16988149.000,17523044.000,-34017920.000,,,,,,
WeightedAverageNumberOfSharesOutstandingBasic,49716000.000,49716000.000,12462750.000,12706795.000,,,,,,,18062466.000,20658877.000,22886307.000,23862943.000,24238613.000,26252505.000
