,2011-03-31,2011-06-30,2011-09-30,2011-12-31,2012-03-31,2012-06-30,2012-09-30,2012-12-31,2013-03-31,2013-06-30,2013-09-30,2013-12-31,2014-03-31,2014-06-30,2014-09-30,2014-12-31,2015-03-31,2015-06-30,2015-09-30,2015-12-31,2016-03-31,2016-06-30,2016-09-30,2016-12-31,2017-03-31,2017-06-30
AdjustmentForAmortization,73000000.000,,,,101000000.000,,,,,,,,,,,,,,,,,,,,,
AdjustmentsNoncashItemsToReconcileNetIncomeLossToCashProvidedByUsedInOperatingActivitiesOther,111000000.000,,,,,,,,,,,,,,,,,,,,,,,,,
AllocatedShareBasedCompensationExpense,38000000.000,43000000.000,39000000.000,41000000.000,42000000.000,40000000.000,120000000.000,46000000.000,,46000000.000,45000000.000,,49000000.000,50000000.000,48000000.000,66000000.000,54000000.000,59000000.000,63000000.000,59000000.000,47000000.000,54000000.000,48000000.000,56000000.000,,
AmortizationOfIntangibleAssets,,,,,,,,,216000000.000,,,,,,,,52000000.000,,,,44000000.000,,,,47000000.000,
AntidilutiveSecuritiesExcludedFromComputationOfEarningsPerShareAmount,43000000.000,27000000.000,11000000.000,-68000000.000,7000000.000,,,,1000000.000,,,,,,,,,10000000.000,,,,,,,,
AssetImpairmentCharges,15000000.000,,,,96000000.000,,,,3000000.000,,,,47000000.000,,,,13000000.000,,,,19000000.000,,,,2000000.000,141000000.000
CashAndCashEquivalentsPeriodIncreaseDecrease,-1628000000.000,,,,-3469000000.000,,,,-301000000.000,,,,1639000000.000,,,,723000000.000,,,,259000000.000,,,,-327000000.000,
CommonStockDividendsPerShareDeclared,0.330,0.330,0.330,0.340,0.340,0.340,0.340,0.350,0.350,0.350,0.350,0.360,0.360,0.360,0.360,0.370,0.370,0.370,0.370,0.380,0.380,0.380,0.380,0.390,0.390,0.390
ComprehensiveIncomeNetOfTax,943000000.000,927000000.000,1076000000.000,82000000.000,1128000000.000,696000000.000,-688000000.000,673000000.000,680000000.000,1147000000.000,900000000.000,897000000.000,811000000.000,375000000.000,341000000.000,193000000.000,1195000000.000,113000000.000,484000000.000,-270000000.000,970000000.000,1055000000.000,1271000000.000,1126000000.000,1663000000.000,863000000.000
ComprehensiveIncomeNetOfTaxAttributableToNoncontrollingInterest,381000000.000,405000000.000,386000000.000,386000000.000,381000000.000,163000000.000,-2000000.000,-7000000.000,14000000.000,-6000000.000,,,-1000000.000,1000000.000,11000000.000,14000000.000,13000000.000,20000000.000,24000000.000,9000000.000,11000000.000,22000000.000,13000000.000,4000000.000,-48000000.000,6000000.000
ComprehensiveIncomeNetOfTaxIncludingPortionAttributableToNoncontrollingInterest,1324000000.000,1332000000.000,1462000000.000,468000000.000,1509000000.000,859000000.000,-690000000.000,666000000.000,694000000.000,1141000000.000,900000000.000,906000000.000,810000000.000,376000000.000,352000000.000,207000000.000,1208000000.000,133000000.000,508000000.000,-261000000.000,981000000.000,1077000000.000,1284000000.000,1130000000.000,1615000000.000,869000000.000
CostOfGoodsSold,1343000000.000,1481000000.000,1407000000.000,1367000000.000,1303000000.000,1245000000.000,987000000.000,1075000000.000,1063000000.000,1108000000.000,1175000000.000,1273000000.000,968000000.000,991000000.000,1007000000.000,966000000.000,847000000.000,1013000000.000,1097000000.000,952000000.000,1052000000.000,1206000000.000,1305000000.000,1383000000.000,1259000000.000,1562000000.000
CostsAndExpenses,3244000000.000,3644000000.000,3515000000.000,3860000000.000,3224000000.000,3384000000.000,4995000000.000,3678000000.000,3157000000.000,3518000000.000,3247000000.000,3572000000.000,2826000000.000,3441000000.000,2913000000.000,4318000000.000,2593000000.000,4111000000.000,3082000000.000,4697000000.000,2736000000.000,3256000000.000,3363000000.000,4157000000.000,2974000000.000,3849000000.000
CurrentIncomeTaxExpenseBenefit,,,,,,,,,,,,,96000000.000,,,,,,,,,,,,,
DeferredIncomeTaxExpenseBenefit,177000000.000,,,,204000000.000,,,,-182000000.000,,,,110000000.000,,,,-7000000.000,,,,-246000000.000,,,,-70000000.000,
DeferredRevenueRevenueRecognized,,,,,,,,,111000000.000,,,,80000000.000,,,,81000000.000,,,,82000000.000,,,,,
DefinedBenefitPlanAssumptionsUsedCalculatingNetPeriodicBenefitCostDiscountRate,,,,,,,,,,,,,0.042,,,,0.036,,,,,,,,,
DefinedBenefitPlanRecognizedNetGainLossDueToSettlements1,,,,,,,,,,-101000000.000,-37000000.000,,,,,,,,,,,,,,,
DefinedContributionPlanCostRecognized,,,,,,,,,,,,,,,,,44000000.000,45000000.000,53000000.000,48000000.000,42000000.000,50000000.000,49000000.000,49000000.000,44000000.000,52000000.000
Depreciation,117000000.000,,,,85000000.000,,,,108000000.000,,,,138000000.000,,,,133000000.000,,,,103000000.000,,,,166000000.000,
DepreciationDepletionAndAmortization,,,,,,,,,213000000.000,,,,137000000.000,,,,104000000.000,,,,65000000.000,,,,193000000.000,
DisposalGroupNotDiscontinuedOperationGainLossOnDisposal,,,,,,,,,,,,,259000000.000,-7000000.000,315000000.000,,154000000.000,8000000.000,208000000.000,,270000000.000,283000000.000,21000000.000,-10000000.000,127000000.000,
DividendsCommonStockCash,567000000.000,,,,575000000.000,,,,581000000.000,,,,598000000.000,,,,,,,,,,,,,
EarningsPerShareBasic,0.580,0.530,0.570,0.500,0.650,0.380,-0.430,0.570,0.370,0.330,0.420,0.440,0.570,0.200,0.430,0.010,0.710,-0.080,0.420,-0.110,0.720,0.700,0.720,0.530,0.950,0.560
EarningsPerShareDiluted,0.570,0.520,0.560,0.510,0.640,0.380,-0.430,0.570,0.370,0.320,0.420,0.430,0.560,0.200,0.430,0.010,0.710,-0.080,0.420,-0.120,0.710,0.690,0.720,0.530,0.940,0.560
EffectOfExchangeRateOnCashAndCashEquivalents,20000000.000,,,,7000000.000,,,,10000000.000,,,,2000000.000,,,,25000000.000,,,,11000000.000,,,,28000000.000,
EffectiveIncomeTaxRateContinuingOperations,0.226,0.270,0.260,-0.509,0.269,0.237,0.434,-1.009,0.076,,0.154,,0.050,0.254,0.270,-0.426,0.172,3.115,0.260,-3.332,0.271,0.264,0.221,-0.518,0.219,0.288
EffectiveIncomeTaxRateReconciliationAtFederalStatutoryIncomeTaxRate,0.350,,,,0.350,,,,0.350,,,,0.350,,,,0.350,,,,0.350,,,,0.350,
EffectiveIncomeTaxRateReconciliationOtherAdjustments,,,,,,,,,,,,,,,,,,,,,,,,,0.017,
EffectiveIncomeTaxRateReconciliationTaxCreditsResearch,,,,,,,,,0.064,,,,,,,,,,,,,,,,,
EmployeeServiceShareBasedCompensationTaxBenefitFromCompensationExpense,13000000.000,15000000.000,13000000.000,15000000.000,14000000.000,14000000.000,38000000.000,16000000.000,16000000.000,18000000.000,13000000.000,17000000.000,16000000.000,17000000.000,16000000.000,22000000.000,18000000.000,20000000.000,20000000.000,19000000.000,15000000.000,19000000.000,16000000.000,19000000.000,,
ExtinguishmentOfDebtAmount,50000000.000,,,,80000000.000,,,,,,,,,,,,,,,,,,,,,
FairValueMeasurementWithUnobservableInputsReconciliationRecurringBasisAssetSales,,,,,81000000.000,,,,,,,,,,,,,,,,,,,,,
FairValueOptionChangesInFairValueGainLoss,,,,,5000000.000,,,,,,,,,,,,,,,,,,,,,
FairValueOptionChangesInFairValueGainLoss1,,,,,,,,,10000000.000,,,,,,,,,,,,,,,,,
GainLossOnSaleOfBusiness,,,,,,,,,,,,,,,,,,,,,269000000.000,,,,,
GainLossOnSaleOfOtherAssets,,,12000000.000,,,,,,,,,,,,,,,,,,,,,,,
GainLossRelatedToLitigationSettlement,,,,,,,,,,22000000.000,-17000000.000,,-29000000.000,20000000.000,-10000000.000,-4000000.000,-12000000.000,-4000000.000,2000000.000,-145000000.000,-43000000.000,-6000000.000,1000000.000,1000000.000,484000000.000,5000000.000
GainsLossesOnExtinguishmentOfDebt,,,,,,,,,,,,,,,,,,-180000000.000,,,,,,,,-109000000.000
ImpairmentOfIntangibleAssetsFinitelived,,,,,,,,,,,,,,,18000000.000,,13000000.000,,,,15000000.000,,,,,
ImpairmentOfIntangibleAssetsIndefinitelivedExcludingGoodwill,,,,,,,1830000000.000,,,,,,,,,,,,,,,,,,,
ImpairmentOfLongLivedAssetsToBeDisposedOf,,,,,,,,,,,,,,,,,,,,,,,,,78000000.000,
IncomeLossFromContinuingOperationsBeforeIncomeTaxesMinorityInterestAndIncomeLossFromEquityMethodInvestments,1767000000.000,1790000000.000,1830000000.000,1594000000.000,2027000000.000,1059000000.000,-1259000000.000,513000000.000,674000000.000,530000000.000,818000000.000,869000000.000,985000000.000,448000000.000,1008000000.000,-60000000.000,1448000000.000,52000000.000,987000000.000,-410000000.000,1655000000.000,1615000000.000,1559000000.000,1086000000.000,1955000000.000,1295000000.000
IncomeLossFromEquityMethodInvestments,82000000.000,62000000.000,71000000.000,66000000.000,57000000.000,53000000.000,40000000.000,33000000.000,36000000.000,50000000.000,42000000.000,38000000.000,36000000.000,33000000.000,12000000.000,26000000.000,26000000.000,22000000.000,19000000.000,16000000.000,26000000.000,20000000.000,19000000.000,12000000.000,18000000.000,20000000.000
IncomeTaxExpenseBenefit,400000000.000,483000000.000,475000000.000,363000000.000,545000000.000,251000000.000,-546000000.000,-411000000.000,51000000.000,,126000000.000,,49000000.000,114000000.000,276000000.000,-87000000.000,249000000.000,162000000.000,257000000.000,-222000000.000,449000000.000,427000000.000,344000000.000,188000000.000,429000000.000,373000000.000
IncomeTaxReconciliationNondeductibleExpenseOther,21000000.000,,,,,,,,,,,,,,,,,,,,,,,,,
IncomeTaxReconciliationPriorYearIncomeTaxes,,,54000000.000,,,,,,,,,,,,,,,,,,,,,,,
IncomeTaxReconciliationTaxContingenciesOther,,,5000000.000,,,,,,,,,,,,,,,,,,,,,,,
IncomeTaxReconciliationTaxCreditsResearch,,,,,,,,,43000000.000,43000000.000,43000000.000,52000000.000,43000000.000,,,,,,,,,,,,,
IncomeTaxReconciliationTaxSettlementsDomestic,100000000.000,,,,3000000.000,,,,,,,,,,,,,,,,,,,,,
IncomeTaxReconciliationTaxSettlementsForeign,,15000000.000,,,,,,,,,,,,,,,,,,,,,,,,
IncreaseDecreaseInAccountsPayable,62000000.000,,,,32000000.000,,,,-53000000.000,,,,-12000000.000,,,,-83000000.000,,,,-77000000.000,,,,-114000000.000,
IncreaseDecreaseInAccruedIncomeTaxesPayable,-70000000.000,,,,-22000000.000,,,,77000000.000,,,,-215000000.000,,,,81000000.000,,,,5000000.000,,,,414000000.000,
IncreaseDecreaseInDeferredRevenue,-57000000.000,,,,-91000000.000,,,,,,,,,,,,,,,,,,,,,
IncreaseDecreaseInInventories,84000000.000,,,,68000000.000,,,,163000000.000,,,,144000000.000,,,,-51000000.000,,,,44000000.000,,,,71000000.000,
IncreaseDecreaseInOtherOperatingCapitalNet,574000000.000,,,,995000000.000,,,,875000000.000,,,,350000000.000,,,,832000000.000,,,,794000000.000,,,,777000000.000,
IncreaseDecreaseInReceivables,91000000.000,,,,108000000.000,,,,318000000.000,,,,55000000.000,,,,91000000.000,,,,424000000.000,,,,246000000.000,
IncrementalCommonSharesAttributableToContingentlyIssuableShares,1000000.000,,,,,,,,,,,,,,,,,,,,,,,,,
IncrementalCommonSharesAttributableToConversionOfDebtSecurities,,1000000.000,1000000.000,,1000000.000,1000000.000,,,1000000.000,1000000.000,1000000.000,-2000000.000,1000000.000,1000000.000,1000000.000,-2000000.000,,,,,,,,,,
IncrementalCommonSharesAttributableToShareBasedPaymentArrangements,11000000.000,14000000.000,16000000.000,-25000000.000,18000000.000,17000000.000,,,16000000.000,15000000.000,15000000.000,-29000000.000,13000000.000,11000000.000,11000000.000,-23000000.000,13000000.000,,10000000.000,,11000000.000,9000000.000,8000000.000,-19000000.000,9000000.000,6000000.000
InterestExpense,31000000.000,32000000.000,40000000.000,42000000.000,,,,,50000000.000,50000000.000,46000000.000,53000000.000,54000000.000,46000000.000,50000000.000,53000000.000,51000000.000,49000000.000,41000000.000,43000000.000,43000000.000,42000000.000,42000000.000,40000000.000,45000000.000,52000000.000
InterestPaidNet,,,,,33000000.000,56000000.000,,,49000000.000,,,,37000000.000,,,,34000000.000,,,,33000000.000,,,,43000000.000,
InvestmentIncomeInterest,,,,,,,,,25000000.000,28000000.000,23000000.000,28000000.000,23000000.000,28000000.000,20000000.000,30000000.000,30000000.000,26000000.000,18000000.000,27000000.000,24000000.000,25000000.000,32000000.000,24000000.000,33000000.000,34000000.000
MarketingAndAdvertisingExpense,214000000.000,253000000.000,205000000.000,285000000.000,194000000.000,224000000.000,167000000.000,212000000.000,189000000.000,218000000.000,194000000.000,254000000.000,163000000.000,187000000.000,171000000.000,213000000.000,135000000.000,167000000.000,193000000.000,330000000.000,,,,,,
MinorityInterestDecreaseFromDistributionsToNoncontrollingInterestHolders,599000000.000,720000000.000,,,609000000.000,,,,1000000.000,,,,23000000.000,,,,,,,,,,,,,
NetCashProvidedByUsedInFinancingActivities,-692000000.000,,,,-836000000.000,,,,-44000000.000,,,,-1192000000.000,,,,-682000000.000,,,,-792000000.000,,,,-1013000000.000,
NetCashProvidedByUsedInFinancingActivitiesContinuingOperations,-692000000.000,,,,-836000000.000,,,,-44000000.000,,,,-1192000000.000,,,,-682000000.000,,,,-792000000.000,,,,-1013000000.000,
NetCashProvidedByUsedInInvestingActivities,-1437000000.000,,,,-3027000000.000,,,,161000000.000,,,,2212000000.000,,,,754000000.000,,,,1426000000.000,,,,-203000000.000,
NetCashProvidedByUsedInInvestingActivitiesContinuingOperations,-1437000000.000,,,,-3027000000.000,,,,161000000.000,,,,2212000000.000,,,,754000000.000,,,,1426000000.000,,,,-203000000.000,
NetCashProvidedByUsedInOperatingActivities,481000000.000,,,,387000000.000,,,,-428000000.000,,,,617000000.000,,,,626000000.000,,,,-386000000.000,,,,861000000.000,
NetCashProvidedByUsedInOperatingActivitiesContinuingOperations,481000000.000,,,,387000000.000,,,,-428000000.000,,,,617000000.000,,,,626000000.000,,,,-386000000.000,,,,861000000.000,
NetIncomeLoss,986000000.000,902000000.000,969000000.000,852000000.000,1101000000.000,645000000.000,-711000000.000,925000000.000,609000000.000,536000000.000,692000000.000,726000000.000,937000000.000,333000000.000,721000000.000,13000000.000,1186000000.000,-130000000.000,706000000.000,-197000000.000,1195000000.000,1166000000.000,1202000000.000,894000000.000,1574000000.000,916000000.000
NetIncomeLossAttributableToNoncontrollingInterest,381000000.000,405000000.000,386000000.000,379000000.000,381000000.000,163000000.000,-2000000.000,-1000000.000,14000000.000,-6000000.000,,,-1000000.000,1000000.000,11000000.000,14000000.000,13000000.000,20000000.000,24000000.000,9000000.000,11000000.000,22000000.000,13000000.000,4000000.000,-48000000.000,6000000.000
NetIncomeLossAvailableToCommonStockholdersBasic,984000000.000,900000000.000,967000000.000,850000000.000,1100000000.000,645000000.000,-711000000.000,925000000.000,609000000.000,536000000.000,692000000.000,726000000.000,937000000.000,333000000.000,721000000.000,13000000.000,1186000000.000,-130000000.000,,,,,,,,
NewAccountingPronouncementOrChangeInAccountingPrincipleEffectOfAdoptionQuantification,,,,,,,,,,,,,236000000.000,,,,,,,,,,,,,
OperatingIncomeLoss,,,,,1402000000.000,,,,,,,,,,,,,,,,,,,,,
OtherComprehensiveIncomeAvailableForSaleSecuritiesAdjustmentNetOfTaxPeriodIncreaseDecrease,3000000.000,15000000.000,6000000.000,,,,,,,,,,,,,,,,,,,,,,,
OtherComprehensiveIncomeAvailableForSaleSecuritiesTax,5000000.000,-8000000.000,-3000000.000,-1000000.000,-1000000.000,,,,,,,,,,,,,,,,,,,,,
OtherComprehensiveIncomeAvailableforsaleSecuritiesAdjustmentNetOfTaxPortionAttributableToParent,3000000.000,,,,-13000000.000,,,,,,,,,,,,,,,,,,,,,
OtherComprehensiveIncomeDefinedBenefitPlansAdjustmentNetOfTaxPeriodIncreaseDecrease,19000000.000,,,,38000000.000,,,,,,,,,,,,,,,,,,,,,
OtherComprehensiveIncomeDefinedBenefitPlansNetUnamortizedGainLossArisingDuringPeriodNetOfTax,,,,,14000000.000,,,,,605000000.000,188000000.000,,-160000000.000,-36000000.000,-443000000.000,-311000000.000,-78000000.000,267000000.000,-176000000.000,-74000000.000,-189000000.000,-150000000.000,46000000.000,164000000.000,40000000.000,-60000000.000
OtherComprehensiveIncomeDefinedBenefitPlansNetUnamortizedGainLossArisingDuringPeriodTax,,,,,-5000000.000,,,,,-330000000.000,-81000000.000,,90000000.000,13000000.000,236000000.000,125000000.000,42000000.000,-145000000.000,96000000.000,34000000.000,103000000.000,83000000.000,-26000000.000,-163000000.000,-18000000.000,33000000.000
OtherComprehensiveIncomeDerivativesQualifyingAsHedgesNetOfTaxPeriodIncreaseDecrease,-26000000.000,-31000000.000,60000000.000,21000000.000,5000000.000,22000000.000,,,,,,,,,,,,,,,,,,,,
OtherComprehensiveIncomeDerivativesQualifyingAsHedgesNetOfTaxPortionAttributableToParent,-25000000.000,,,,-1000000.000,,,,,,,,,,,,,,,,,,,,,
OtherComprehensiveIncomeDerivativesQualifyingAsHedgesTaxEffectPeriodIncreaseDecrease,11000000.000,15000000.000,-23000000.000,-7000000.000,-9000000.000,-8000000.000,,,,,,,,,,,,,,,,,,,,
OtherComprehensiveIncomeFinalizationOfPensionAndNonPensionPostretirementPlanValuationTax,,,,,,,,,,-35000000.000,-11000000.000,,-21000000.000,-17000000.000,-10000000.000,-260000000.000,-10000000.000,-12000000.000,-17000000.000,-16000000.000,-8000000.000,-9000000.000,-6000000.000,-9000000.000,-12000000.000,-14000000.000
OtherComprehensiveIncomeForeignCurrencyTransactionAndTranslationAdjustmentNetOfTaxPeriodIncreaseDecrease,12000000.000,16000000.000,-40000000.000,-15000000.000,15000000.000,-37000000.000,,,,,,,,,,,,,,,,,,,,
OtherComprehensiveIncomeForeignCurrencyTransactionAndTranslationAdjustmentNetOfTaxPortionAttributableToParent,-40000000.000,,,,3000000.000,,,,,,,,,,,,,,,,,,,,,
OtherComprehensiveIncomeForeignCurrencyTransactionAndTranslationGainLossArisingDuringPeriodNetOfTax,,,,,,,,,-19000000.000,-33000000.000,-7000000.000,-16000000.000,-11000000.000,21000000.000,-8000000.000,-34000000.000,31000000.000,-32000000.000,-29000000.000,-9000000.000,9000000.000,16000000.000,1000000.000,-64000000.000,29000000.000,-8000000.000
OtherComprehensiveIncomeForeignCurrencyTransactionAndTranslationGainLossBeforeReclassificationAndTax,,,,,,,,,-1000000.000,-20000000.000,17000000.000,-71000000.000,-11000000.000,21000000.000,-8000000.000,-10000000.000,46000000.000,-26000000.000,-34000000.000,-3000000.000,2000000.000,20000000.000,-2000000.000,-53000000.000,21000000.000,-19000000.000
OtherComprehensiveIncomeLossAvailableForSaleSecuritiesAdjustmentBeforeTax,,,,,,,,,,-62000000.000,19000000.000,,4000000.000,24000000.000,-35000000.000,16000000.000,24000000.000,-31000000.000,-24000000.000,-37000000.000,27000000.000,44000000.000,-12000000.000,-42000000.000,9000000.000,12000000.000
OtherComprehensiveIncomeLossAvailableForSaleSecuritiesAdjustmentNetOfTax,,,,,,,,,4000000.000,-50000000.000,14000000.000,-5000000.000,2000000.000,13000000.000,-22000000.000,10000000.000,16000000.000,-22000000.000,-16000000.000,-32000000.000,13000000.000,41000000.000,-8000000.000,-30000000.000,6000000.000,13000000.000
OtherComprehensiveIncomeLossAvailableForSaleSecuritiesTax,,,,,,,9000000.000,,,12000000.000,-5000000.000,,-2000000.000,-11000000.000,13000000.000,-6000000.000,-8000000.000,9000000.000,8000000.000,5000000.000,-14000000.000,-3000000.000,4000000.000,,-3000000.000,1000000.000
OtherComprehensiveIncomeLossBeforeTax,,,,,,,,,99000000.000,975000000.000,305000000.000,274000000.000,-184000000.000,61000000.000,-585000000.000,364000000.000,8000000.000,414000000.000,-335000000.000,-86000000.000,-354000000.000,-189000000.000,104000000.000,473000000.000,100000000.000,-84000000.000
OtherComprehensiveIncomeLossDerivativesQualifyingAsHedgesBeforeTax,,,,,,,,,59000000.000,-4000000.000,-42000000.000,-11000000.000,-7000000.000,-7000000.000,83000000.000,29000000.000,8000000.000,-1000000.000,-73000000.000,-5000000.000,-130000000.000,-64000000.000,7000000.000,194000000.000,-40000000.000,-45000000.000
OtherComprehensiveIncomeLossDerivativesQualifyingAsHedgesNetOfTax,,,,,,,-26000000.000,,41000000.000,-3000000.000,-31000000.000,0.000,-3000000.000,-5000000.000,57000000.000,20000000.000,6000000.000,-9000000.000,-46000000.000,-2000000.000,-86000000.000,-44000000.000,4000000.000,130000000.000,-29000000.000,-31000000.000
OtherComprehensiveIncomeLossDerivativesQualifyingAsHedgesTax,,,,,,,9000000.000,,-18000000.000,1000000.000,11000000.000,11000000.000,4000000.000,2000000.000,-26000000.000,-9000000.000,-2000000.000,-8000000.000,27000000.000,3000000.000,44000000.000,20000000.000,-3000000.000,-64000000.000,11000000.000,14000000.000
OtherComprehensiveIncomeLossFinalizationOfPensionAndNonPensionPostretirementPlanValuationBeforeTax,,,,,,,,,,101000000.000,37000000.000,,54000000.000,45000000.000,28000000.000,740000000.000,27000000.000,36000000.000,48000000.000,49000000.000,22000000.000,25000000.000,19000000.000,25000000.000,33000000.000,42000000.000
OtherComprehensiveIncomeLossFinalizationOfPensionAndNonPensionPostretirementPlanValuationNetOfTax,,,,,,,,,,66000000.000,26000000.000,,33000000.000,28000000.000,18000000.000,480000000.000,17000000.000,24000000.000,31000000.000,33000000.000,14000000.000,16000000.000,13000000.000,16000000.000,21000000.000,28000000.000
OtherComprehensiveIncomeLossForeignCurrencyTransactionAndTranslationAdjustmentNetOfTax,,,,,,,21000000.000,,-1000000.000,-20000000.000,17000000.000,-71000000.000,-11000000.000,21000000.000,-8000000.000,-34000000.000,31000000.000,-32000000.000,-29000000.000,-9000000.000,9000000.000,16000000.000,1000000.000,-64000000.000,29000000.000,-8000000.000
OtherComprehensiveIncomeLossForeignCurrencyTranslationAdjustmentTax,,,,,,,,,,,,,,,,,-15000000.000,-6000000.000,5000000.000,-6000000.000,7000000.000,-4000000.000,3000000.000,-11000000.000,8000000.000,11000000.000
OtherComprehensiveIncomeLossNetOfTax,,,,,,,23000000.000,,71000000.000,611000000.000,208000000.000,171000000.000,-126000000.000,42000000.000,-380000000.000,180000000.000,9000000.000,243000000.000,-222000000.000,-73000000.000,-225000000.000,-111000000.000,69000000.000,232000000.000,89000000.000,-53000000.000
OtherComprehensiveIncomeLossNetOfTaxPeriodIncreaseDecrease,-43000000.000,25000000.000,107000000.000,-763000000.000,27000000.000,51000000.000,,,,,,,,,,,,,,,,,,,,
OtherComprehensiveIncomeLossPensionAndOtherPostretirementBenefitPlansAdjustmentBeforeTax,,,,,,,,,,-1074000000.000,-335000000.000,,170000000.000,-23000000.000,625000000.000,-329000000.000,70000000.000,-472000000.000,204000000.000,41000000.000,253000000.000,189000000.000,-111000000.000,-374000000.000,-110000000.000,32000000.000
OtherComprehensiveIncomeLossPensionAndOtherPostretirementBenefitPlansAdjustmentNetOfTax,,,,,,,,,-27000000.000,-697000000.000,-232000000.000,-210000000.000,114000000.000,-13000000.000,407000000.000,-184000000.000,44000000.000,-306000000.000,131000000.000,30000000.000,161000000.000,124000000.000,-72000000.000,-196000000.000,-83000000.000,27000000.000
OtherComprehensiveIncomeLossPensionAndOtherPostretirementBenefitPlansNetUnamortizedGainLossArisingDuringPeriodBeforeTax,,,,,,,,,,935000000.000,269000000.000,,-250000000.000,-49000000.000,-679000000.000,-436000000.000,-120000000.000,412000000.000,-272000000.000,-108000000.000,-292000000.000,-233000000.000,72000000.000,327000000.000,58000000.000,-93000000.000
OtherComprehensiveIncomeLossPensionAndOtherPostretirementBenefitPlansTax,,,,,,,,,,377000000.000,103000000.000,,-56000000.000,10000000.000,-218000000.000,145000000.000,-26000000.000,166000000.000,-73000000.000,-11000000.000,-92000000.000,-65000000.000,39000000.000,178000000.000,27000000.000,-5000000.000
OtherComprehensiveIncomeLossReclassificationAdjustmentForSaleOfSecuritiesIncludedInNetIncomeBeforeTax,,,,,,,,,,-8000000.000,,,,,,,,,,,,,,,,
OtherComprehensiveIncomeLossReclassificationAdjustmentForSaleOfSecuritiesIncludedInNetIncomeNetOfTax,,,,,,,,,,-5000000.000,,,,,,,,,,,,,,,,
OtherComprehensiveIncomeLossReclassificationAdjustmentForSaleOfSecuritiesIncludedInNetIncomeTax,,,,,,,,,,3000000.000,,,,,,,,,,,,,,,,
OtherComprehensiveIncomeLossReclassificationAdjustmentFromAOCIForSaleOfSecuritiesBeforeTax,,,,,,,,,,,,,,-1000000.000,,,1000000.000,-1000000.000,,,,-34000000.000,4000000.000,,,
OtherComprehensiveIncomeLossReclassificationAdjustmentFromAOCIForSaleOfSecuritiesNetOfTax,,,,,,,,,,,,,,-1000000.000,,,1000000.000,-1000000.000,,,,-34000000.000,4000000.000,,,
OtherComprehensiveIncomeLossReclassificationAdjustmentFromAOCIOnDerivativesBeforeTax,,,,,,,,,,,3000000.000,,2000000.000,-7000000.000,13000000.000,33000000.000,27000000.000,36000000.000,39000000.000,28000000.000,4000000.000,5000000.000,-21000000.000,0.000,22000000.000,10000000.000
OtherComprehensiveIncomeLossReclassificationAdjustmentFromAOCIOnDerivativesNetOfTax,,,,,,,,,,,2000000.000,,,-5000000.000,8000000.000,,18000000.000,25000000.000,26000000.000,19000000.000,2000000.000,5000000.000,-14000000.000,-2000000.000,18000000.000,8000000.000
OtherComprehensiveIncomeLossReclassificationAdjustmentFromAOCIOnDerivativesTax,,,,,,,,,,,-1000000.000,,-2000000.000,2000000.000,-5000000.000,-11000000.000,-9000000.000,-11000000.000,-13000000.000,-9000000.000,-2000000.000,,7000000.000,,-4000000.000,-2000000.000
OtherComprehensiveIncomeLossReclassificationAdjustmentFromAOCIPensionAndOtherPostretirementBenefitPlansForNetGainLossBeforeTax,,,,,,,,,,,-29000000.000,,-26000000.000,-27000000.000,-26000000.000,-25000000.000,-23000000.000,-24000000.000,-20000000.000,-18000000.000,-17000000.000,-19000000.000,-20000000.000,-22000000.000,-19000000.000,-19000000.000
OtherComprehensiveIncomeLossReclassificationAdjustmentFromAOCIPensionAndOtherPostretirementBenefitPlansForNetGainLossNetOfTax,,,,,,,,,,,-18000000.000,,-13000000.000,-21000000.000,-18000000.000,-15000000.000,-17000000.000,-15000000.000,-14000000.000,-11000000.000,-14000000.000,-10000000.000,-13000000.000,-16000000.000,-22000000.000,-5000000.000
OtherComprehensiveIncomeLossReclassificationAdjustmentFromAOCIPensionAndOtherPostretirementBenefitPlansForNetGainLossTax,,,,,,,,,,,11000000.000,,13000000.000,6000000.000,8000000.000,10000000.000,6000000.000,9000000.000,6000000.000,7000000.000,3000000.000,9000000.000,7000000.000,6000000.000,-3000000.000,14000000.000
OtherComprehensiveIncomeLossReclassificationAdjustmentOnDerivativesIncludedInNetIncomeBeforeTax,,,,,,,,,-10000000.000,-34000000.000,,,,,,,,,,,,,,,,
OtherComprehensiveIncomeLossReclassificationAdjustmentOnDerivativesIncludedInNetIncomeNetOfTax,,,,,,,-13000000.000,,-5000000.000,-23000000.000,,,,,,,,,,,,,,,,
OtherComprehensiveIncomeLossReclassificationAdjustmentOnDerivativesIncludedInNetIncomeTax,,,,,,,9000000.000,,5000000.000,11000000.000,,,,,,,,,,,,,,,,
OtherComprehensiveIncomeLossReclassificationPensionAndOtherPostretirementBenefitPlansNetGainLossRecognizedInNetPeriodicBenefitCostTax,,,,,,,-12000000.000,,-11000000.000,-12000000.000,,,,,,,,,,,,,,,,
OtherComprehensiveIncomeLossTax,,,,,,,,,-28000000.000,-364000000.000,-97000000.000,-103000000.000,58000000.000,-19000000.000,205000000.000,-184000000.000,1000000.000,-171000000.000,113000000.000,13000000.000,129000000.000,78000000.000,-35000000.000,-241000000.000,-11000000.000,31000000.000
OtherComprehensiveIncomeReclassificationAdjustmentForSaleOfSecuritiesIncludedInNetIncomeNetOfTax,,,,,-10000000.000,2000000.000,,,,,,,,,,,,,,,,,,,,
OtherComprehensiveIncomeReclassificationAdjustmentForSaleOfSecuritiesIncludedInNetIncomeTax,,,,,,2000000.000,,,,,,,,,,,,,,,,,,,,
OtherComprehensiveIncomeReclassificationAdjustmentOnDerivativesIncludedInNetIncomeNetOfTax,1000000.000,12000000.000,18000000.000,-63000000.000,-6000000.000,-9000000.000,,,,,,,,,,,,,,,,,,,,
OtherComprehensiveIncomeReclassificationAdjustmentOnDerivativesIncludedInNetIncomeTax,-1000000.000,-6000000.000,-9000000.000,-4000000.000,2000000.000,4000000.000,,,,,,,,,,,,,,,,,,,,
OtherComprehensiveIncomeReclassificationOfDefinedBenefitPlansNetGainLossRecognizedInNetPeriodicBenefitCostBeforeTax,,,,,,,,,38000000.000,38000000.000,,,,,,,,,,,,,,,,
OtherComprehensiveIncomeReclassificationOfDefinedBenefitPlansNetGainLossRecognizedInNetPeriodicBenefitCostNetOfTax,19000000.000,18000000.000,19000000.000,32000000.000,24000000.000,22000000.000,24000000.000,20000000.000,27000000.000,26000000.000,,,,,,,,,,,,,,,,
OtherComprehensiveIncomeReclassificationOfDefinedBenefitPlansNetGainLossRecognizedInNetPeriodicBenefitCostTax,-8000000.000,-11000000.000,-11000000.000,-8000000.000,-12000000.000,-11000000.000,,,,,,,,,,,,,,,,,,,,
OtherComprehensiveIncomeUnrealizedGainLossOnDerivativesArisingDuringPeriodBeforeTax,,,,,,,,,69000000.000,30000000.000,-39000000.000,-2000000.000,-5000000.000,-14000000.000,96000000.000,62000000.000,35000000.000,35000000.000,-34000000.000,23000000.000,-126000000.000,-59000000.000,-14000000.000,194000000.000,-18000000.000,-35000000.000
OtherComprehensiveIncomeUnrealizedGainLossOnDerivativesArisingDuringPeriodNetOfTax,,,,,,,,,46000000.000,20000000.000,-29000000.000,4000000.000,-3000000.000,-10000000.000,65000000.000,42000000.000,24000000.000,16000000.000,-20000000.000,17000000.000,-84000000.000,-39000000.000,-10000000.000,128000000.000,-11000000.000,-23000000.000
OtherComprehensiveIncomeUnrealizedGainLossOnDerivativesArisingDuringPeriodTax,,,,,,,,,-23000000.000,-10000000.000,10000000.000,6000000.000,2000000.000,4000000.000,-31000000.000,-20000000.000,-11000000.000,-19000000.000,14000000.000,-6000000.000,42000000.000,20000000.000,4000000.000,,7000000.000,12000000.000
OtherComprehensiveIncomeUnrealizedHoldingGainLossOnSecuritiesArisingDuringPeriodBeforeTax,,,,,,,,,3000000.000,-54000000.000,19000000.000,-3000000.000,,25000000.000,-35000000.000,,25000000.000,-32000000.000,,,27000000.000,10000000.000,-8000000.000,-41000000.000,,12000000.000
OtherComprehensiveIncomeUnrealizedHoldingGainLossOnSecuritiesArisingDuringPeriodNetOfTax,,,,,-3000000.000,10000000.000,38000000.000,-33000000.000,4000000.000,-45000000.000,14000000.000,-5000000.000,,14000000.000,-22000000.000,,17000000.000,-23000000.000,,,13000000.000,7000000.000,-4000000.000,-29000000.000,,13000000.000
OtherComprehensiveIncomeUnrealizedHoldingGainLossOnSecuritiesArisingDuringPeriodTax,,,,,,,,,1000000.000,9000000.000,-5000000.000,-2000000.000,,-11000000.000,13000000.000,,-8000000.000,9000000.000,,,-14000000.000,-3000000.000,4000000.000,12000000.000,,1000000.000
OtherNoncashIncomeExpense,,,,,-10000000.000,,,,3000000.000,,,,214000000.000,,,,234000000.000,,,,10000000.000,,,,-33000000.000,
OtherNonoperatingIncomeExpense,138000000.000,31000000.000,26000000.000,-26000000.000,-23000000.000,18000000.000,50000000.000,35000000.000,19000000.000,-199000000.000,-5000000.000,-20000000.000,208000000.000,104000000.000,277000000.000,-799000000.000,299000000.000,-107000000.000,323000000.000,-328000000.000,520000000.000,454000000.000,224000000.000,87000000.000,647000000.000,539000000.000
OtherOperatingIncome,,,,,172000000.000,,-50000000.000,,,,,,,,,,,,,,,,,,,
OtherRestructuringCosts,1000000.000,15000000.000,4000000.000,11000000.000,3000000.000,4000000.000,8000000.000,14000000.000,4000000.000,1000000.000,2000000.000,8000000.000,1000000.000,2000000.000,1000000.000,2000000.000,2000000.000,2000000.000,1000000.000,3000000.000,,,,,3000000.000,4000000.000
OtherSalesRevenueNet,,,,,,,,,,,,,1004000000.000,1119000000.000,1078000000.000,1018000000.000,982000000.000,591000000.000,517000000.000,425000000.000,427000000.000,439000000.000,430000000.000,429000000.000,349000000.000,374000000.000
OtherThanTemporaryImpairmentLossesInvestmentsAvailableforsaleSecurities,,,,,,,,,,,,,,,,,,,,,,45000000.000,,,,
PaymentsForProceedsFromOtherInvestingActivities,,,,,,,,,-3000000.000,,,,21000000.000,,,,,,,,,,,,,
PaymentsForRepurchaseOfCommonStock,148000000.000,,,,339000000.000,,,,297000000.000,,,,,,,,,,,,231000000.000,,,,2000000000.000,
PaymentsForRestructuring,,,,,,,,,,,,,27000000.000,,,,45000000.000,,,,,,,,44000000.000,
PaymentsOfDividends,565000000.000,,,,579000000.000,,,,580000000.000,,,,605000000.000,,,,623000000.000,,,,641000000.000,,,,655000000.000,
PaymentsToAcquireBusinessesNetOfCashAcquired,,,,,2491000000.000,,,,,,,,,,,,,,,,8000000.000,,,,112000000.000,
PaymentsToAcquireMarketableSecurities,2234000000.000,,,,2615000000.000,,,,278000000.000,,,,1080000000.000,,,,821000000.000,,,,523000000.000,,,,1204000000.000,
PaymentsToAcquirePropertyPlantAndEquipment,75000000.000,,,,123000000.000,,,,115000000.000,,,,118000000.000,,,,136000000.000,,,,242000000.000,,,,291000000.000,
ProceedsFromDivestitureOfBusinesses,,,,,,,,,,,,,,,,,,,,,350000000.000,,,,,
ProceedsFromDivestitureOfBusinessesNetOfCashDivested,,,,,12000000.000,,,,,,,,3055000000.000,,,,203000000.000,,,,439000000.000,,,,241000000.000,
ProceedsFromIssuanceOfLongTermDebt,,,,,,,,,12000000.000,,,,,,,,,,,,,,,,1488000000.000,
ProceedsFromIssuanceOfSharesUnderIncentiveAndShareBasedCompensationPlansIncludingStockOptions,53000000.000,,,,159000000.000,,,,270000000.000,,,,,,,,,,,,,,,,,
ProceedsFromPaymentsForOtherFinancingActivities,,,,,,,,,,,,,,,,,,,,,,,,,-38000000.000,
ProceedsFromRepaymentsOfShortTermDebt,18000000.000,,,,30000000.000,,,,551000000.000,,,,-79000000.000,,,,-260000000.000,,,,-33000000.000,,,,192000000.000,
ProceedsFromSaleAndMaturityOfAvailableForSaleSecurities,,,,,2190000000.000,,,,551000000.000,,,,376000000.000,,,,1508000000.000,,,,1760000000.000,,,,1163000000.000,
ProceedsFromSaleAndMaturityOfMarketableSecurities,758000000.000,,,,,,,,,,,,,,,,,,,,,,,,,
ProfitLoss,1367000000.000,1307000000.000,1355000000.000,1231000000.000,1482000000.000,808000000.000,-713000000.000,924000000.000,623000000.000,530000000.000,692000000.000,735000000.000,936000000.000,334000000.000,732000000.000,27000000.000,1199000000.000,-110000000.000,730000000.000,-188000000.000,1206000000.000,1188000000.000,1215000000.000,898000000.000,1526000000.000,922000000.000
RecognitionOfDeferredRevenue,,,,,,,,,,,,,,,,,,,,,,,,,20000000.000,
RepaymentsOfLongTermDebt,54000000.000,,,,109000000.000,,,,,,597000000.000,,676000000.000,,,,,,,,,,,,,
ResearchAndDevelopmentExpense,935000000.000,923000000.000,973000000.000,1008000000.000,909000000.000,962000000.000,951000000.000,1082000000.000,930000000.000,951000000.000,893000000.000,957000000.000,946000000.000,1416000000.000,983000000.000,1189000000.000,1016000000.000,1856000000.000,1132000000.000,1916000000.000,1136000000.000,1266000000.000,1138000000.000,1400000000.000,1288000000.000,1659000000.000
RestructuringAndRelatedCostNumberOfPositionsEliminated,,215.000,50.000,,120.000,175.000,185.000,725.000,245.000,890.000,150.000,165.000,180.000,220.000,360.000,627.000,245.000,380.000,60.000,484.000,,,,,900.000,
RestructuringCharges,44000000.000,40000000.000,8000000.000,24000000.000,22000000.000,20000000.000,29000000.000,103000000.000,33000000.000,173000000.000,6000000.000,14000000.000,21000000.000,16000000.000,35000000.000,91000000.000,12000000.000,28000000.000,10000000.000,68000000.000,4000000.000,18000000.000,19000000.000,68000000.000,164000000.000,15000000.000
RestructuringCostsAndAssetImpairmentCharges,,,,,,,,,,,,,,,,,,,,,,,,,236000000.000,241000000.000
RestructuringReserveAcceleratedDepreciation,,,,,,,,,,,,,,,,,,,,,,,,,70000000.000,82000000.000
RestructuringReserveAccrualAdjustment,1000000.000,,,,,,,,-1000000.000,,,,2000000.000,,,,,,,,,,,,,
RestructuringReserveAccrualAdjustment1,,,,,,,,,,,,,,,,,,,,,,,,,-6000000.000,
RestructuringReservePeriodExpense,43000000.000,,,,22000000.000,,,,,,,,,,,,,,,,,,,,,
RestructuringReserveSettledWithCash,35000000.000,,,,21000000.000,,,,58000000.000,,,,,,,,,,,,,,,,,
RestructuringReserveTranslationAdjustment,0.000,,,,,,,,,,,,1000000.000,,,,-11000000.000,,,,,,,,1000000.000,
Revenues,5011000000.000,5434000000.000,5345000000.000,5454000000.000,5423000000.000,4443000000.000,3686000000.000,4191000000.000,3831000000.000,4048000000.000,4065000000.000,4441000000.000,3811000000.000,3889000000.000,3921000000.000,4258000000.000,4041000000.000,4163000000.000,4069000000.000,4287000000.000,4391000000.000,4871000000.000,4922000000.000,5243000000.000,4929000000.000,5144000000.000
SalesRevenueGoodsNet,,,,,,,,,,,,,2807000000.000,2770000000.000,2843000000.000,3240000000.000,3059000000.000,3572000000.000,3552000000.000,3862000000.000,3964000000.000,4432000000.000,4492000000.000,4814000000.000,4580000000.000,4770000000.000
SalesRevenueNet,5011000000.000,5434000000.000,5345000000.000,5454000000.000,5251000000.000,4443000000.000,3736000000.000,4191000000.000,3831000000.000,4048000000.000,4065000000.000,4441000000.000,3811000000.000,3889000000.000,3921000000.000,4258000000.000,4041000000.000,4163000000.000,4069000000.000,4287000000.000,4391000000.000,4871000000.000,4922000000.000,5243000000.000,4929000000.000,5144000000.000
SalesRevenueServicesGross,,,,,,,,,,,,,,,,,,,,,18000000.000,21000000.000,28000000.000,29000000.000,52000000.000,48000000.000
SegmentReportingSegmentOperatingProfitLoss,1288000000.000,,,,,,,,,,,,,,,,,,,,,,,,,
SellingGeneralAndAdministrativeExpense,928000000.000,1040000000.000,1019000000.000,1216000000.000,1002000000.000,1004000000.000,1071000000.000,1143000000.000,994000000.000,1042000000.000,980000000.000,1068000000.000,957000000.000,951000000.000,1029000000.000,1151000000.000,894000000.000,968000000.000,983000000.000,1996000000.000,1068000000.000,1238000000.000,1144000000.000,1461000000.000,1074000000.000,1167000000.000
SeveranceCosts,43000000.000,25000000.000,4000000.000,13000000.000,19000000.000,16000000.000,21000000.000,89000000.000,29000000.000,172000000.000,,,,,,,,,,,,,,,,
SeveranceCosts1,,,,,,,,,,,4000000.000,,20000000.000,14000000.000,34000000.000,89000000.000,10000000.000,26000000.000,9000000.000,65000000.000,,,,,161000000.000,11000000.000
ShareBasedCompensation,38000000.000,,,,42000000.000,,,,49000000.000,,,,49000000.000,,,,54000000.000,,,,47000000.000,,,,45000000.000,
ShorttermDebtAverageOutstandingAmount,,,,,,,,,211000000.000,,,,,,,,,,,,,,,,,
ShorttermDebtMaximumMonthendOutstandingAmount,,,,,,,,,600000000.000,,,,,,,,,,,,,,,,,
StockIssuedDuringPeriodSharesShareBasedCompensation,7000000.000,,,,,,,,,,,,,,,,,,,,,,,,,
StockIssuedDuringPeriodValueShareBasedCompensation,293000000.000,,,,,,,,,,,,,,,,,,,,,,,,,
StockRepurchaseProgramAuthorizedAmount,,,,,3000000000.000,,,,,,,,,,,,,,,,,,,,,
TranslationAdjustmentForNetInvestmentHedgeNetOfTaxPeriodIncreaseDecrease,-52000000.000,-5000000.000,44000000.000,24000000.000,-12000000.000,41000000.000,-21000000.000,-16000000.000,18000000.000,-13000000.000,-24000000.000,,,,,,,,,,,,,,,
TreasuryStockAcquiredAverageCostPerShare,25.740,28.290,,,,,,,,,,,,,,,,,,,,,,,,
TreasuryStockSharesAcquired,5000000.000,9000000.000,,,10000000.000,,,,8000000.000,,,,,,,,,,,,,,,,,
TreasuryStockValueAcquiredCostMethod,138000000.000,248000000.000,,,323000000.000,,,,298000000.000,,,,,,,,,,,,,,,,,
UndistributedEarningsAllocatedToParticipatingSecurities,,2000000.000,2000000.000,,1000000.000,,,,,,,,,,,,,,,,,,,,,
ValuationAllowanceDeferredTaxAssetChangeInAmount,,,,,,,,,,,,,,,,,57000000.000,,,,,,,,,
WeightedAverageNumberOfDilutedSharesOutstanding,1714000000.000,1722000000.000,1715000000.000,-3434000000.000,1706000000.000,1701000000.000,1666000000.000,-3385000000.000,1655000000.000,1660000000.000,1662000000.000,-3315000000.000,1666000000.000,1669000000.000,1670000000.000,-3335000000.000,1676000000.000,1667000000.000,1678000000.000,-3342000000.000,1680000000.000,1679000000.000,1679000000.000,-3358000000.000,1671000000.000,1650000000.000
WeightedAverageNumberOfSharesOutstandingBasic,1702000000.000,1707000000.000,1698000000.000,-3407000000.000,1687000000.000,1683000000.000,1666000000.000,-3366000000.000,1638000000.000,1644000000.000,1646000000.000,-3284000000.000,1652000000.000,1657000000.000,1658000000.000,-3310000000.000,1663000000.000,1667000000.000,1668000000.000,-3331000000.000,1669000000.000,1670000000.000,1671000000.000,-3339000000.000,1662000000.000,1644000000.000
