,2011-09-30,2012-03-31,2012-06-30,2012-09-30,2012-12-31,2013-03-31,2013-06-30,2013-09-30,2013-12-31,2014-03-31,2014-06-30,2014-09-30,2014-12-31,2015-03-31,2015-06-30,2015-09-30,2015-12-31,2016-03-31,2016-06-30,2016-09-30,2016-12-31,2017-03-31
AdjustmentsToAdditionalPaidInCapitalShareBasedCompensationEmployeeStockPurchaseProgramRequisiteServicePeriodRecognition,,,,,,,,,,,,,,,,,,,,,,2929000.000
AdjustmentsToAdditionalPaidInCapitalWarrantIssued,,,,,,,,,,,,,,,,,,,,,,206000.000
AllocatedShareBasedCompensationExpense,,,,,,,,,,,,,,,,,,1100000.000,,,,
AllowanceForDoubtfulAccountsReceivableRecoveries,,,,,,,,,,,,,,,,,,,,,,115000.000
AmortizationOfDebtDiscountPremium,,,,,,,,,,,,,,,,,,369000.000,,,,246000.000
AmortizationOfFinancingCosts,,,,,,,,,,,,,,,,,,,,28000.000,,
AmortizationOfIntangibleAssets,,,,,,,,,,,,,,,,,,,,,,408000.000
AntidilutiveSecuritiesExcludedFromComputationOfEarningsPerShareAmount,,,3366616.000,3459638.000,,5172331.000,5185964.000,5326424.000,-10594548.000,8305219.000,9188360.000,9164131.000,-17599544.000,9430425.000,9679623.000,10154952.000,-19375548.000,11131304.000,,13644367.000,,14510348.000
AssetImpairmentCharges,,,,,,,,,,723000.000,,,,0.000,,,,,,,,
AssetRetirementObligationAccretionExpense,,,,,,,,,,37000.000,38000.000,39000.000,40000.000,166000.000,38000.000,0.000,-38000.000,,,,,
BusinessAcquisitionProFormaEarningsPerShareBasic,,,,,,,,,,,,,,,,,,,,-0.320,,
BusinessAcquisitionProFormaEarningsPerShareDiluted,,,,,,,,,,,,,,,,,,,,-0.320,,
BusinessAcquisitionsProFormaNetIncomeLoss,,,,,,,,,,,,,,,,,,,,-12962000.000,,
BusinessAcquisitionsProFormaRevenue,,,,,,,,,,,,,,,,,,,,47317000.000,,
BusinessCombinationConsiderationTransferred1,,,,,,,,,,,,,,,,,,,,,,22872000.000
CashAndCashEquivalentsPeriodIncreaseDecrease,,-5425000.000,,,,3853000.000,,,,-19539000.000,,,,-831000.000,,,,-16767000.000,,,,45743000.000
ConvertiblePreferredDividendsNetOfTax,,,,,,,,,,0.000,,,,,,,,,,,,
CostOfGoodsSold,,,,,,,,,,,,,,,,,,,324000.000,41000.000,,469000.000
CostOfGoodsSoldAmortization,,,,,,,,,,,,,,,,,,,,,,133000.000
CostsAndExpensesRelatedParty,,,,,,,,,,,39000.000,40000.000,,40000.000,44400.000,66000.000,-126400.000,63000.000,21000.000,0.000,0.000,
DebtConversionConvertedInstrumentAmount1,,,,,,,,,,,,,,,,,,,,,,206000.000
DebtInstrumentBasisSpreadOnVariableRate1,,,,,,,,,,0.007,,,,,,,,,,,,
DebtIssuanceCostsIncurredDuringNoncashOrPartialNoncashTransaction,,,,,,,,,,,,,,,,,,,,,,158000.000
DebtRelatedCommitmentFeesAndDebtIssuanceCosts,,,,,,,,,,,,,,,,,,,,,,4000.000
Depreciation,,,,,,3000.000,,,,5000.000,,,,6000.000,5000.000,5700.000,9300.000,4000.000,82000.000,154000.000,160000.000,176000.000
DepreciationDepletionAndAmortization,,,,,,,,,,,,,,,,,,4000.000,,,,682000.000
EarningsPerShareBasicAndDiluted,-0.480,-0.350,-0.340,-0.240,-0.340,-0.350,-0.380,-0.240,-0.250,-0.210,-0.130,-0.130,-0.090,-0.310,-0.160,-0.460,-0.310,-0.310,-0.310,-0.320,-0.440,-0.300
EmployeeBenefitsAndShareBasedCompensation,,874000.000,,,,1523000.000,,,,1135000.000,,,,1470000.000,1574000.000,8501000.000,2746000.000,2866000.000,3023000.000,2903000.000,3336000.000,2929000.000
FairValueAdjustmentOfWarrants,,,,,,,,,,,,,,,,,,89000.000,0.000,16000.000,934000.000,-4342000.000
FairValueAssetsMeasuredOnRecurringBasisChangeInUnrealizedGainLoss,,,,,,,,,,,,-293000.000,,,,,,,,,,
FairValueAssumptionsExpectedVolatilityRate,,,,,,,,,,,,,,0.256,,,,,,,,
FairValueAssumptionsWeightedAverageVolatilityRate,,,,,,,,,,,,,,,,,,0.256,,,,
FairValueMeasurementWithUnobservableInputsReconciliationRecurringBasisAssetGainLossIncludedInEarnings1,,,,,,,,,,,,,,-215000.000,,,,-918000.000,,,,-668000.000
FairValueMeasurementWithUnobservableInputsReconciliationRecurringBasisAssetPurchases,,,,,,,,,,,,,,0.000,,,,,,,,
FairValueMeasurementWithUnobservableInputsReconciliationRecurringBasisLiabilityGainLossIncludedInEarnings,,,,,,,,,,,,,,,,,,,,,,97000.000
GainLossOnSalesOfAssetsAndAssetImpairmentCharges,,,,,,,,,,-400000.000,,,,,,,,,,,,
GeneralAndAdministrativeExpense,1778000.000,2000000.000,1940000.000,2054000.000,2671000.000,2484000.000,2499000.000,2143000.000,2972000.000,2095000.000,2386000.000,2737000.000,3195000.000,3490000.000,3803000.000,7129000.000,7162000.000,7932000.000,8635000.000,8864000.000,-53660000.000,7985000.000
GrossProfit,,,,,,,,,,,,,,,,,,,1906000.000,934000.000,,
ImpairmentOfLongLivedAssetsHeldForUse,,,,,,,,,,300000.000,,,,,,,,,,,,
IncreaseDecreaseDueFromOtherRelatedParties,,,,,,,,,,,,,,,,,,1158000.000,,,,-756000.000
IncreaseDecreaseInAccountsPayableAndAccruedLiabilities,,350000.000,,,,-355000.000,,,,-588000.000,,,,1853000.000,,,,169000.000,,,,-1882000.000
IncreaseDecreaseInAccountsReceivable,,,,,,,,,,,,,,,,,,,,,,-462000.000
IncreaseDecreaseInBrokerDealerRelatedReceivablesPayablesNet,,,,,,,,,,,,,,,,,,,,,,-499000.000
IncreaseDecreaseInDueToOtherRelatedPartiesCurrent,,,,,,,,,,,,,,,,,,,,,,30000.000
IncreaseDecreaseInFinancialInstrumentsSoldNotYetPurchased,,,,,,,,,,,,,,,,,,,,,,-297000.000
IncreaseDecreaseInInterestPayableNet,,,,,,,,,,-84000.000,,,,-2000.000,,,,0.000,,,,2000.000
IncreaseDecreaseInInventories,,,,,,,,,,,,,,,,,,,,,,1000.000
IncreaseDecreaseInMarketableSecuritiesRestricted,,,,,,,,,,,,,,,,,,,,,,-1151000.000
IncreaseDecreaseInNotesPayableRelatedParties,,,,,,,,,,0.000,,,,,,,,,,,,
IncreaseDecreaseInOtherAccountsPayable,,,,,,,,,,-398000.000,,,,0.000,,,,,,,,
IncreaseDecreaseInOtherLoans,,,,,,,,,,,,,,,,,,,,,,17000.000
IncreaseDecreaseInOtherOperatingAssets,,93000.000,,,,-66000.000,,,,,,,,,,,,,,,,
IncreaseDecreaseInOtherOperatingCapitalNet,,,,,,,,,,,,,,61000.000,,,,0.000,,,,
IncreaseDecreaseInOtherOperatingLiabilities,,,,,,,,,,,,,,-500000.000,,,,1832000.000,,,,-4000.000
IncreaseDecreaseInPrepaidDeferredExpenseAndOtherAssets,,,,,,,,,,12000.000,,,,-22000.000,,,,166000.000,,,,-635000.000
IncreaseDecreaseInRestrictedCash,,,,,,,,,,,,,,0.000,,,,,,,,
InterestAndDebtExpense,,,,,,,,,,,,,,,,,,,,54000.000,,
InterestAndOtherIncome,,,,,,,,,,,,168000.000,,,,,,,,,,
InterestExpense,19000.000,19000.000,19000.000,183000.000,449000.000,476000.000,485000.000,493000.000,469000.000,966000.000,119000.000,121000.000,132000.000,,352000.000,350000.000,,620000.000,529000.000,689000.000,1852000.000,698000.000
InterestExpenseDebt,,,,,,,,,,966000.000,119000.000,121000.000,94000.000,300000.000,,,,,,26000.000,,
InterestExpenseDebtExcludingAmortization,,,,,,347000.000,351000.000,,,,,,,,,,,,,,,
InterestPaid,,18000.000,,,,347000.000,,,,534000.000,,,,80000.000,,,,77000.000,,,,58000.000
InvestmentIncomeInterest,70000.000,44000.000,29000.000,79000.000,84000.000,76000.000,109000.000,165000.000,195000.000,178000.000,171000.000,,,82000.000,74000.000,39000.000,50000.000,75000.000,77000.000,89000.000,57000.000,136000.000
InvestmentsInAndAdvancesToAffiliatesAtFairValuePeriodIncreaseDecrease,,,,,,,,,,,,,,200000.000,,,,900000.000,,,,700000.000
IssuanceOfStockAndWarrantsForServicesOrClaims,,,,,,,,,,0.000,,,,,,,,,,,,
LeaseAndRentalExpense,,,,,,,,,,700000.000,,,,,,,,,,,,
MinorityInterestPeriodIncreaseDecrease,,,,,,,,,,,,,,,,,,30782000.000,,,,81151000.000
NetCashProvidedByUsedInFinancingActivities,,,,,,11347000.000,,,,-13215000.000,,,,9361000.000,,,,-2427000.000,,,,58160000.000
NetCashProvidedByUsedInFinancingActivitiesContinuingOperations,,,,,,11347000.000,,,,-13215000.000,,,,9361000.000,,,,-2427000.000,,,,58160000.000
NetCashProvidedByUsedInInvestingActivities,,,,,,-2000.000,,,,-250000.000,,,,-1358000.000,,,,-2703000.000,,,,-942000.000
NetCashProvidedByUsedInInvestingActivitiesContinuingOperations,,,,,,-2000.000,,,,-250000.000,,,,-1358000.000,,,,-2703000.000,,,,-942000.000
NetCashProvidedByUsedInOperatingActivities,,-5425000.000,,,,-7492000.000,,,,-6074000.000,,,,-8834000.000,,,,-11637000.000,,,,-11475000.000
NetCashProvidedByUsedInOperatingActivitiesContinuingOperations,,-5425000.000,,,,-7492000.000,,,,-6074000.000,,,,-8834000.000,,,,-11637000.000,,,,-11475000.000
NetIncomeLoss,-3365000.000,-6556000.000,-6455000.000,-5935000.000,-8664000.000,-8858000.000,-10670000.000,-7832000.000,-9798000.000,-7370000.000,-4711000.000,-4592000.000,-3713000.000,-12056000.000,-6175000.000,-18161000.000,-12036000.000,-12205000.000,-12478000.000,-12981000.000,-17431000.000,-11982000.000
NetIncomeLossAttributableToNoncontrollingInterest,,,,,,,,,,,,,,-479000.000,-243000.000,-1694000.000,-3039000.000,-4438000.000,-3911000.000,-3975000.000,-3871000.000,-2580000.000
NetIncomeLossAvailableToCommonStockholdersBasic,-3365000.000,-6556000.000,-6455000.000,-5935000.000,-8664000.000,-8858000.000,-10670000.000,-7832000.000,-9798000.000,-7370000.000,,,,,,,,,,,,
NoncontrollingInterestIncreaseFromSubsidiaryEquityIssuance,,,,,,,,,,,,,,-513000.000,,,,,,,,
NonoperatingIncomeExpense,,,,,,,,,,,,,,-464000.000,1344000.000,-1783000.000,-2449000.000,-1552000.000,-1253000.000,-710000.000,-2065000.000,3015000.000
OperatingExpenses,,,,,,,,,,,,,,12571000.000,7762000.000,18097000.000,12964000.000,15751000.000,17042000.000,17180000.000,32217000.000,62259000.000
OperatingIncomeLoss,-3531000.000,-6581000.000,-6465000.000,-5831000.000,-8299000.000,-8458000.000,-10294000.000,-7504000.000,-9524000.000,-6582000.000,-4763000.000,-4346000.000,-4961000.000,-12071000.000,-7762000.000,-18072000.000,-12626000.000,-15091000.000,-15136000.000,-16246000.000,-19237000.000,-17577000.000
OperatingLeasesRentExpenseSubleaseRentals1,,,,,,,,,,100000.000,,,,,,,,,,,,
OtherNoncashExpense,,,,,,,,,,,,,,188000.000,,,,0.000,,,,
OtherNonoperatingIncome,,,,,,,,,,0.000,,,,,,,,,,,,
PaymentsForRent,,,,,,,,,,400000.000,,,,,,,,,,,,
PaymentsForRepurchaseOfInitialPublicOffering,,,,,,,,,,,,,,,,,,205000.000,,,,2998000.000
PaymentsOfDebtIssuanceCosts,,,,,,,,,,0.000,,,,0.000,,,,,,,,
PaymentsOfFinancingCosts,,,,,,,,,,0.000,,,,855000.000,,,,0.000,,,,
PaymentsOfStockIssuanceCosts,,,,,,,,,,0.000,,,,0.000,,,,,49000.000,,,
PaymentsToAcquireBusinessesAndInterestInAffiliates,,,,,,,,,,,,,,,,,,,,,,0.000
PaymentsToAcquireBusinessesGross,,,,,,,,,,,,,,,,,,,,,,19000.000
PaymentsToAcquireBusinessesNetOfCashAcquired,,,,,,,,,,,,,,,,,,,,,,4626000.000
PaymentsToAcquireInProcessResearchAndDevelopment,,,,,,,,,,0.000,,,,,,,,,,,,
PaymentsToAcquireIntangibleAssets,,,,,,,,,,,,,,1250000.000,,,,200000.000,,,,0.000
PaymentsToAcquireInvestments,,,,,,,,,,250000.000,,,,,,,,,,,,
PaymentsToAcquireLongtermInvestments,,,,,,,,,,,,,,0.000,,,,,,,,
PaymentsToAcquireMachineryAndEquipment,,,,,,2000.000,,,,,,,,,,,,,,,,
PaymentsToAcquirePropertyPlantAndEquipment,,,,,,,,,,0.000,,,,,,,,2293000.000,,,,261000.000
ProceedsFromConvertibleDebt,,,,,,,,,,0.000,,,,,,,,,,,,
ProceedsFromIssuanceInitialPublicOffering,,,,,,,,,,,,,,,,,,570000.000,,,,55904000.000
ProceedsFromIssuanceOfCommonStock,,,,,,11690000.000,,,,481000.000,,,,0.000,,,,,,,,
ProceedsFromIssuanceOfConvertiblePreferredStock,,,,,,,,,,0.000,,,,,,,,,,,,
ProceedsFromLinesOfCredit,,,,,,,,,,0.000,,,,,,,,,,,,
ProceedsFromMortgageDeposits,,,,,,,,,,,,,,,,,,,,,,3000.000
ProceedsFromNotesPayable,,,,,,,,,,14009000.000,,,,0.000,,,,,,,,
ProceedsFromStockOptionsExercised,,,,,,,,,,,,,,216000.000,,,,0.000,,,,
ProceedsFromUnsecuredLinesOfCredit,,,,,,,,,,,,,,,,,,,,,,2000000.000
ProceedsFromUnsecuredNotesPayable,,,,,,,,,,,,,,10000000.000,,,,0.000,,,,3254000.000
ProfitLoss,,,,,,,,,,,,,,-12535000.000,-6418000.000,-19855000.000,-15075000.000,-16643000.000,-16389000.000,-16956000.000,-21302000.000,-14562000.000
RentalIncomeNonoperating,,,,,,,,,,100000.000,,,,,,,,,,,,
RepaymentsOfLinesOfCredit,,,,,,,,,,0.000,,,,,,,,,,,,
RepaymentsOfNotesPayable,,,,,,,,,,,,,,0.000,,,,2792000.000,,,,
RepaymentsOfRelatedPartyDebt,,,,,,,,,,,,,,108000.000,,,,175000.000,,,,
ResearchAndDevelopmentAssetAcquiredOtherThanThroughBusinessCombinationWrittenOff,,,,,,,,,,,,,,,,,,35000.000,,,,1265000.000
ResearchAndDevelopmentExpense,1753000.000,4581000.000,4525000.000,3777000.000,4585000.000,5974000.000,7795000.000,5361000.000,6552000.000,4487000.000,2377000.000,1609000.000,1766000.000,1642000.000,2411000.000,9073000.000,5276000.000,7736000.000,6347000.000,7316000.000,-56533000.000,8404000.000
ResearchAndDevelopmentInProcess,,,,,,,,,,0.000,,,,7439000.000,1548000.000,1895000.000,526000.000,83000.000,2060000.000,1000000.000,2389000.000,1294000.000
RevenueFromRelatedParties,,,,,,,,,,,,,,,,,,277000.000,1249000.000,546000.000,,
Revenues,,,,,,,,,,,,,,500000.000,0.000,25000.000,,660000.000,2230000.000,975000.000,12615000.000,44682000.000
SaleOfStockPercentageOfOwnershipAfterTransaction,,,,,,,,,,,,,,,,,,0.250,,,,
SalesRevenueGoodsNet,,,,,,,,,,,,,,,,,,,981000.000,429000.000,,
SalesRevenueNet,,,,,,,,,,,,,,500000.000,0.000,25000.000,,660000.000,2230000.000,975000.000,12615000.000,44682000.000
SalesRevenueServicesNet,,,,,,,,,,,,,,,,,,383000.000,,,,
SellingAndMarketingExpense,,,,,,,,,,,,,,,,,,,1998000.000,1244000.000,,2267000.000
ShareBasedCompensation,,,,,,,,,,,1463000.000,1484000.000,,1470000.000,,,,2866000.000,,,,2929000.000
ShareBasedCompensationArrangementByShareBasedPaymentAwardFairValueAssumptionsExpectedDividendRate,,,,,,,,,,,,,,,,,,,,,,0.000
ShareBasedCompensationArrangementByShareBasedPaymentAwardFairValueAssumptionsExpectedVolatilityRateMaximum,,,,,,,,,,,,,,,,,,,,,,1.060
ShareBasedCompensationArrangementByShareBasedPaymentAwardFairValueAssumptionsExpectedVolatilityRateMinimum,,,,,,,,,,,,,,,,,,,,,,1.040
ShareBasedCompensationArrangementByShareBasedPaymentAwardFairValueAssumptionsRiskFreeInterestRateMaximum,,,,,,,,,,,,,,,,,,,,,,0.022
ShareBasedCompensationArrangementByShareBasedPaymentAwardFairValueAssumptionsRiskFreeInterestRateMinimum,,,,,,,,,,,,,,,,,,,,,,0.019
ShareBasedCompensationArrangementByShareBasedPaymentAwardOptionsForfeituresInPeriod,,,,,,,,,,-600000000.000,,,,0.000,,,,,,,,
ShareBasedCompensationArrangementByShareBasedPaymentAwardOptionsGrantsInPeriodGross,,,,,,1771590.000,,,,0.000,,,,0.000,,,,0.000,,,,
ShareBasedCompensationArrangementsByShareBasedPaymentAwardOptionsExercisesInPeriodWeightedAverageExercisePrice,,,,,,1.370,,,,1.880,,,,2.150,,,,,,,,
ShareBasedCompensationArrangementsByShareBasedPaymentAwardOptionsForfeituresInPeriodWeightedAverageExercisePrice,,,,,,,,,,4.390,,,,0.000,,,,,,,,
ShareBasedCompensationArrangementsByShareBasedPaymentAwardOptionsGrantsInPeriodWeightedAverageExercisePrice,,,,,,5.660,,,,0.000,,,,0.000,,,,0.000,,,,
StockIssued1,,,,,,,,,,,,,,-513000.000,,,,,,,,
StockIssuedDuringPeriodSharesIssuedForNoncashConsideration,,,,,,8415.000,,,,,,,,,,,,,,,,
StockIssuedDuringPeriodSharesNewIssues,,,,,,,,,,,,,,,,,,,150556.000,,,
StockIssuedDuringPeriodSharesStockOptionsExercised,,,,,,193490.000,,,,-256745000.000,,,,100000000.000,,,,,,,,
StockIssuedDuringPeriodValueIssuedForServices,,,,,,,,,,4000.000,,,,1000.000,,,,2000.000,,,,1000.000
StockIssuedDuringPeriodValueNewIssues,,,,,,,,,,,,,,,,,,,400000.000,53000000.000,,
StockIssuedDuringPeriodValueRestrictedStockAwardGross,,,,,,,,,,,,,,,,,,,,,,0.000
TradingSecuritiesRealizedGainLoss,,,,,,,,,,,,,,1000.000,,,,0.000,,,,
TradingSecuritiesUnrealizedHoldingGain,,,,,,,,,,,,,,2000.000,,,,,,,,
TradingSecuritiesUnrealizedHoldingGainLoss,,,,,,,,,,,,,,2000.000,,,,0.000,,,,
TradingSecuritiesUnrealizedHoldingLoss,,,,,,,,,,,,,,0.000,,,,,,,,
WeightedAverageNumberOfShareOutstandingBasicAndDiluted,,,19194053.000,24375749.000,,25182369.000,28095522.000,32634683.000,-55482831.000,35900596.000,36005294.000,36024810.000,-71607104.000,38574702.000,39119606.000,39412056.000,-77959775.000,39658188.000,39867724.000,40128475.000,-79691730.000,40357711.000
