,2015-03-31,2015-06-30,2015-09-30,2015-12-31,2016-03-31,2016-06-30,2016-09-30,2016-12-31,2017-03-31
AllocatedShareBasedCompensationExpense,91000.000,873000.000,492000.000,913000.000,1022000.000,1257000.000,3279000.000,1042000.000,1089000.000
AmortizationOfFinancingCosts,,,,,968000.000,,,,1031000.000
AmortizationOfFinancingCostsAndDiscounts,477000.000,477000.000,479000.000,476000.000,442000.000,393000.000,390000.000,391000.000,390000.000
AntidilutiveSecuritiesExcludedFromComputationOfEarningsPerShareAmount,11045601.000,,5970076.000,,11354118.000,9532398.000,11102315.000,-21118884.000,11703648.000
CashAndCashEquivalentsPeriodIncreaseDecrease,14000.000,,,,45015000.000,,,,-3882000.000
DebtIssuanceCostsIncurredDuringNoncashOrPartialNoncashTransaction,442000.000,,,,309000.000,,,,
DepreciationDepletionAndAmortization,20000.000,,,,26000.000,,,,80000.000
EarningsPerShareBasic,,,,,,0.590,,,
EarningsPerShareBasicAndDiluted,-2.500,-2.450,-0.680,-1.790,-0.200,,-0.920,,-1.110
EarningsPerShareDiluted,,,,,,-0.580,,,
FairValueAdjustmentOfWarrants,1762000.000,22661000.000,2089000.000,764000.000,-10278000.000,-20763000.000,1299000.000,-2723000.000,7216000.000
FairValueMeasurementWithUnobservableInputsReconciliationRecurringBasisLiabilityGainLossIncludedInEarnings,,,2089000.000,,-10278000.000,-20763000.000,1299000.000,-2723000.000,7216000.000
GainsLossesOnExtinguishmentOfDebt,,,,,-4740000.000,,,,
GeneralAndAdministrativeExpense,977000.000,3188000.000,2152000.000,2566000.000,3736000.000,4287000.000,3104000.000,2873000.000,3266000.000
IncomeLossFromContinuingOperationsBeforeIncomeTaxesExtraordinaryItemsNoncontrollingInterest,-5967000.000,-29743000.000,-9724000.000,-9204000.000,-2922000.000,9764000.000,-13433000.000,-9940000.000,-16326000.000
IncomeTaxExpenseBenefit,7000.000,,20000.000,,12000.000,-4000.000,-19000.000,-4000.000,-4000.000
IncreaseDecreaseInAccountsPayableAndAccruedLiabilities,-977000.000,,,,-679000.000,,,,-2867000.000
IncreaseDecreaseInOtherNoncurrentLiabilities,,,,,11000.000,,,,68000.000
IncreaseDecreaseInPrepaidDeferredExpenseAndOtherAssets,30000.000,,,,-2372000.000,,,,206000.000
IncrementalCommonSharesAttributableToShareBasedPaymentArrangements,,,,,,838000.000,,,
InterestAndOtherIncome,,,11000.000,,102000.000,144000.000,98000.000,9000.000,101000.000
InterestExpense,632000.000,649000.000,687000.000,703000.000,1150000.000,1475000.000,1441000.000,1445000.000,1441000.000
InterestPaid,,,,,182000.000,,,,2617000.000
NetCashProvidedByUsedInFinancingActivities,4034000.000,,,,63612000.000,,,,-63000.000
NetCashProvidedByUsedInFinancingActivitiesContinuingOperations,4034000.000,,,,63612000.000,,,,-63000.000
NetCashProvidedByUsedInInvestingActivities,-21000.000,,,,-14732000.000,,,,5702000.000
NetCashProvidedByUsedInInvestingActivitiesContinuingOperations,-21000.000,,,,-14732000.000,,,,5702000.000
NetCashProvidedByUsedInOperatingActivities,-3999000.000,,,,-3865000.000,,,,-9521000.000
NetCashProvidedByUsedInOperatingActivitiesContinuingOperations,-3999000.000,,,,-3865000.000,,,,-9521000.000
NetIncomeLoss,-5974000.000,-29743000.000,-9744000.000,-9203000.000,-2934000.000,9768000.000,-13414000.000,-9936000.000,-16322000.000
NetIncomeLossAvailableToCommonStockholdersBasic,,,,,,8631000.000,,,
NetIncomeLossAvailableToCommonStockholdersDiluted,,,,,,-9001000.000,,,
NonoperatingIncomeExpense,-2871000.000,-23787000.000,-3244000.000,-1922000.000,4048000.000,19039000.000,-3032000.000,896000.000,-8946000.000
OperatingExpenses,3096000.000,5956000.000,6480000.000,7282000.000,6970000.000,9275000.000,10401000.000,10836000.000,7380000.000
OperatingIncomeLoss,-3096000.000,-5956000.000,-6480000.000,-7282000.000,-6970000.000,-9275000.000,-10401000.000,-10836000.000,-7380000.000
ParticipatingSecuritiesDistributedAndUndistributedEarningsLossBasic,,,,,,1137000.000,,,
ParticipatingSecuritiesDistributedAndUndistributedEarningsLossDiluted,,,,,,18769000.000,,,
PaymentOfFinancingAndStockIssuanceCosts,,,,,583000.000,,,,
PaymentsOfFinancingCosts,,,,,,,,,26000.000
PaymentsToAcquireInvestments,,,,,,,,,11670000.000
PaymentsToAcquireMarketableSecurities,,,,,14666000.000,,,,
PaymentsToAcquirePropertyPlantAndEquipment,21000.000,,,,66000.000,,,,99000.000
ProceedsFromIssuanceOfDebt,,,,,82800000.000,,,,
ProceedsFromSaleAndMaturityOfMarketableSecurities,,,,,,,,,17471000.000
ProceedsFromWarrantExercises,,,,,24000.000,,,,
RepaymentsOfLongTermCapitalLeaseObligations,8000.000,,,,8000.000,,,,37000.000
RepaymentsOfRelatedPartyDebt,,,,,18621000.000,,,,
ResearchAndDevelopmentExpense,2119000.000,2768000.000,4328000.000,4716000.000,3234000.000,4988000.000,4287000.000,7963000.000,4114000.000
RestructuringAndRelatedCostNumberOfPositionsEliminated,,,,,,,3.000,,
Revenues,0.000,0.000,0.000,0.000,0.000,,,,
SalesRevenueNet,0.000,0.000,0.000,0.000,0.000,,,,
SeveranceCosts1,,,,,,,3010000.000,,
ShareBasedCompensation,91000.000,,,,1022000.000,,,,1089000.000
ShareBasedCompensationArrangementByShareBasedPaymentAwardOptionsGrantsInPeriodGross,5333.000,,,,,,,,
SharebasedCompensationArrangementBySharebasedPaymentAwardOptionsVestedNumberOfShares,,,,,13333.000,,,,
StockIssuedDuringPeriodSharesStockOptionsExercised,0.000,0.000,666.000,4100.000,0.000,14933.000,0.000,0.000,0.000
WeightedAverageNumberOfDilutedSharesOutstanding,,,,,,15435322.000,,,
WeightedAverageNumberOfShareOutstandingBasicAndDiluted,2387092.000,12157514.000,14232133.000,-21408058.000,14495703.000,,14646982.000,,14646982.000
WeightedAverageNumberOfSharesOutstandingBasic,,,,,,14597449.000,,,
