,2011-06-30,2011-09-30,2012-03-31,2012-06-30,2012-09-30,2012-12-31,2013-03-31,2013-06-30,2013-09-30,2013-12-31,2014-03-31,2014-06-30,2014-09-30,2014-12-31,2015-03-31,2015-06-30,2015-09-30,2015-12-31,2016-03-31,2016-06-30,2016-09-30,2016-12-31,2017-03-31
AdjustmentsToAdditionalPaidInCapitalOther,,,,,,,,,,,23112.000,162319.000,162319.000,64126.000,,,,,,,,,
AmortizationOfDebtDiscountPremium,,,,,,,,,,,28164.000,-60867.000,-37848.000,-113208.000,-42021.000,-91239.000,-5000.000,0.000,,,,,
AmortizationOfFinancingCostsAndDiscounts,,,,,,,,,,,,,,,42021.000,,,,,,,,
CashAndCashEquivalentsPeriodIncreaseDecrease,,,,,,,,,,,,,,,23116.000,,,,-1659.000,,,,12497.000
CashPeriodIncreaseDecrease,,,-7953.000,,,,6377.000,,,,-18041.000,,,,,,,,,,,,
ChangeInUnrealizedGainLossOnFairValueHedgingInstruments1,,,,,,,,,,,-71013.000,-67465.000,23728.000,-44656.000,-168804.000,120977.000,-2518.000,0.000,,,,,
ConversionOfStockAmountConverted1,,,,,,,,,,,12000.000,,,,12405.000,,,,,,,,
CostOfGoodsAndServicesSold,,,0.000,0.000,0.000,,,,,,,,,,,,,,,,,,
Depreciation,,,,,,,,,,,,,,,,,,,3314.000,,,,999.000
DepreciationDepletionAndAmortization,,,3576.000,,,,3376.000,,,,3376.000,,,,2315.000,,,,3314.000,,,,999.000
DerivativeGainLossOnDerivativeNet,,,,,,,,,,,,37785.000,492045.000,,25961.000,17916.000,,,,,,,
DerivativeGainOnDerivative,,,,,,,,,,,34509.000,,492045.000,,,,,,,,,,
DerivativeInstrumentsNotDesignatedAsHedgingInstrumentsGainLossNet,,,,,,,,,,,,-67465.000,,,168804.000,,,,,,,,
EarningsPerShareBasicAndDiluted,0.000,0.000,0.000,-0.000,-0.000,0.000,-0.000,-0.000,-0.000,0.000,-0.000,-0.000,-0.000,0.000,0.000,0.000,0.000,0.000,0.000,0.000,0.000,0.000,-0.000
GoodwillImpairmentLoss,,,,,,,,,,,,,,,38484.000,,,,,,,,
GrossProfit,0.000,,0.000,0.000,0.000,,,,,,,,,,,,470.000,,264.000,,224.000,,
IncomeLossFromContinuingOperationsBeforeIncomeTaxesExtraordinaryItemsNoncontrollingInterest,,,,,,,,,,,-147140.000,-147444.000,-678969.000,-94224.000,37829.000,-316175.000,-203747.000,-56048.000,-85955.000,-38529.000,-20903.000,-38399.000,-25605.000
IncomeTaxExpenseBenefit,0.000,956.000,0.000,0.000,0.000,956.000,,,,,,,,,-456.000,,875.000,,,,,,
IncomeTaxesPaid,,,956.000,,,,,,,,,,,,,,,,,,,,
IncomeTaxesPaidNet,,,,,,,956.000,,,,,,,,500.000,,,,,,,,
IncreaseDecreaseInAccruedIncomeTaxesPayable,,,-956.000,,,,,,,,,,,,-956.000,,,,,,,,
IncreaseDecreaseInAccruedLiabilities,,,-4770.000,,,,4576.000,,,,22551.000,,,,5193.000,,,,22252.000,,,,-19205.000
IncreaseDecreaseInDerivativeLiabilities,,,,,,,,,,,,,,,-299595.000,-194840.000,-10179.000,,,,,,
IncreaseDecreaseInDueFromOfficersAndStockholdersCurrent,,,0.000,,,,,,,,,,,,,,,,,,,,
IncreaseDecreaseInDueToOfficersAndStockholdersCurrent,,,0.000,,,,,,,,,,,,,,,,,,,,
IncreaseDecreaseInDueToOtherRelatedParties,,,900.000,,,,,,,,,,,,,,,,,,,,
IncreaseDecreaseInDueToRelatedPartiesCurrent,,,,,,,5825.000,,,,,,,,-6200.000,,,,,,,,
IncreaseDecreaseInIncomeTaxes,,,,,,,-956.000,,,,,,,,,,,,,,,,
IncreaseDecreaseInOtherReceivables,,,,,,,,,,,,,,,,,,,676.000,,,,
IncreaseDecreaseInPrepaidExpense,,,-1032.000,,,,,,,,31005.000,,,,,,,,,,,,
InterestExpenseOther,,,,,,,,,,,,,492045000.000,,25961.000,,,,6555.000,,,,
InterestPaid,,,0.000,,,,,,,,,,,,,,,,,,,,
LegalFees,,,,,,,,,,,6875.000,,,,,,,,,,,,
NetCashProvidedByUsedInFinancingActivities,,,29000.000,,,,24100.000,,,,,,,,85301.000,,,,11480.000,,,,56308.000
NetCashProvidedByUsedInFinancingActivitiesContinuingOperations,,,29000.000,,,,24100.000,,,,,,,,85301.000,,,,11480.000,,,,56308.000
NetCashProvidedByUsedInInvestingActivities,,,0.000,,,,,,,,,,,,,,,,,,,,
NetCashProvidedByUsedInInvestingActivitiesContinuingOperations,,,0.000,,,,,,,,,,,,,,,,,,,,
NetCashProvidedByUsedInOperatingActivities,,,-36953.000,,,,-17723.000,,,,-18041.000,,,,-62185.000,,,,-13139.000,,,,-43811.000
NetCashProvidedByUsedInOperatingActivitiesContinuingOperations,,,-36953.000,,,,-17723.000,,,,-18041.000,,,,-62185.000,,,,-13139.000,,,,-43811.000
NetIncomeLoss,-69293.000,-50848.000,-41735.000,-19134.000,-22610.000,-44492.000,-30544.000,-177101.000,-57975.000,-136274.000,-147140.000,-147444.000,-678969.000,-95180.000,38285.000,-316175.000,-204622.000,-56548.000,-85955.000,-38529.000,-20903.000,-38899.000,-25605.000
NetIncomeLossAvailableToCommonStockholdersBasic,,,,,,,,,,,,,,,,,,,-85955.000,-38529.000,-20904.000,-38898.000,-25605.000
OperatingExpenses,69293.000,49892.000,41735.000,19134.000,22610.000,43536.000,30544.000,177101.000,57975.000,64720.000,47963.000,116257.000,125348.000,85272.000,62993.000,86043.000,201735.000,56330.000,86219.000,38529.000,21127.000,20290.000,26160.000
OperatingIncomeLoss,-69293.000,-49892.000,-41735.000,-19134.000,-22610.000,-43536.000,-30544.000,-177101.000,-57975.000,-64720.000,-47963.000,-116257.000,-125348.000,-85272.000,-62993.000,-86043.000,-201265.000,-56048.000,-85955.000,-38529.000,-20903.000,-20290.000,-26160.000
OtherNonoperatingIncome,,,,,,,,,,,,,,,,,,,,,,,-555.000
OtherNonoperatingIncomeExpense,,,,,,,,,,,99177.000,31187.000,553621.000,8952.000,-100822.000,230132.000,2482.000,0.000,,,,,-555.000
PaymentsToAcquireMachineryAndEquipment,,,0.000,,,,,,,,,,,,,,,,,,,,
ProceedsFromIssuanceOfCommonStock,,,29000.000,,,,,,,,,,,,,,,,,,,,
ProceedsFromNotesPayable,,,,,,,24100.000,,,,,,,,26500.000,,,,11480.000,,,,
ProceedsFromRelatedPartyDebt,,,,,,,,,,,,,,,60000.000,115000.000,115000.000,-27000.000,,,,,56308.000
PropaneCosts,0.000,,,,,,,,,,,,,,,,,,,,,,
PropaneRevenue,0.000,0.000,,,,,,,,,,,,,,,,,,,,,
ProvisionForDoubtfulAccounts,,,,,,,,,,,,,,,,,,,11321.000,,,,
RepaymentsOfRelatedPartyDebt,,,,,,,,,,,,,,,1199.000,,,,,,,,
Revenues,,,0.000,0.000,0.000,,,,,,,,,,,,470.000,,264.000,,224.000,,
SalesRevenueNet,,,0.000,0.000,0.000,,,,,,,,,,,,470.000,,264.000,,224.000,,
SellingGeneralAndAdministrativeExpense,69293.000,49892.000,,,,,,,,,,,,,,,,,,,,,
ShareBasedCompensation,,,5000.000,,,,,,,,35000.000,,,,,,,,30050.000,,,,
StockIssuedDuringPeriodValueIssuedForServices,,,,,,,,,,,35000.000,,,,,,,,,,,,
StockIssuedDuringPeriodValueNewIssues,,40000.000,,,,,,,,,,,,,,,,,,,,,
StockIssuedDuringPeriodValueShareBasedCompensation,,,5000.000,,,,,,,,,,,,,,,,,,,,
WeightedAverageNumberOfShareOutstandingBasicAndDiluted,,,,193216667.000,193216667.000,,193216667.000,193231211.000,193945498.000,-386031995.000,198034932.000,217839294.000,253794930.000,-423297871.000,404035080.000,766517210.000,1287787652.000,-1495325418.000,1487403111.000,20263736.000,1513928759.000,-1504147262.000,1527930584.000
