,2011-06-30,2011-09-30,2012-03-31,2012-06-30,2012-09-30,2012-12-31,2013-03-31,2013-06-30,2013-09-30,2013-12-31,2014-03-31,2014-06-30,2014-09-30,2014-12-31,2015-03-31,2015-06-30,2015-09-30,2015-12-31,2016-03-31,2016-06-30,2016-09-30,2016-12-31,2017-03-31
AmortizationOfFinancingCosts,,,,800000.000,900000.000,,1000000.000,1400000.000,1400000.000,1400000.000,1500000.000,1600000.000,1700000.000,2100000.000,1500000.000,1500000.000,1700000.000,1300000.000,1300000.000,1300000.000,1200000.000,1200000.000,1100000.000
BusinessAcquisitionsProFormaNetIncomeLoss,,,,2350000.000,,,,,,,,,,,,,,,,,,,
BusinessAcquisitionsProFormaRevenue,,,,43023000.000,,,,,,,,,,,,,,,,,,,
BusinessCombinationAcquisitionRelatedCosts,2132000.000,634000.000,767000.000,5955000.000,4855000.000,1056000.000,16473000.000,18826000.000,2298000.000,5150000.000,17536000.000,3787000.000,158000.000,7797000.000,8022000.000,485000.000,-175000.000,2140000.000,141000.000,31000.000,91000.000,109000.000,60000.000
CapitalExpendituresIncurredButNotYetPaid,,,,,,,2210000.000,,,,6659000.000,,,,1051000.000,,,,1377000.000,,,,3329000.000
CashAndCashEquivalentsPeriodIncreaseDecrease,,,22889000.000,,,,-27264000.000,,,,30035000.000,,,,-25693000.000,,,,-8623000.000,,,,
CommonStockDividendsPerShareDeclared,0.170,0.180,0.160,0.160,0.160,,0.160,0.160,0.160,,0.160,0.160,0.160,,0.160,0.160,0.160,,0.160,0.160,0.160,,0.160
ComprehensiveIncomeNetOfTax,-20873000.000,-37368000.000,10063000.000,-38783000.000,1542000.000,3828000.000,-43310000.000,-63335000.000,12957000.000,-10557000.000,-40537000.000,4155000.000,-50658000.000,-7730000.000,-51698000.000,17872000.000,-26914000.000,10782000.000,16009000.000,-14006000.000,12887000.000,99327000.000,32958000.000
ComprehensiveIncomeNetOfTaxAttributableToNoncontrollingInterest,2687000.000,-1999000.000,927000.000,1006000.000,762000.000,-584000.000,-1160000.000,476000.000,2147000.000,2179000.000,1202000.000,1757000.000,-355000.000,1611000.000,34000.000,3484000.000,230000.000,740000.000,599000.000,99000.000,1507000.000,158000.000,93771000.000
ComprehensiveIncomeNetOfTaxIncludingPortionAttributableToNoncontrollingInterest,-18186000.000,-39367000.000,10990000.000,-37777000.000,2304000.000,3244000.000,-44470000.000,-62859000.000,15104000.000,-8378000.000,-39335000.000,5912000.000,-51013000.000,-6119000.000,-51664000.000,21356000.000,-26684000.000,11522000.000,16608000.000,-13907000.000,14394000.000,99485000.000,126729000.000
CostsAndExpenses,25021000.000,26477000.000,33839000.000,47211000.000,55416000.000,47549000.000,77298000.000,94255000.000,85994000.000,93314000.000,118356000.000,101237000.000,96512000.000,103995000.000,107467000.000,96397000.000,96607000.000,99755000.000,93733000.000,95388000.000,94642000.000,91118000.000,85485000.000
DepreciationAndAmortization,12859000.000,13834000.000,17151000.000,20673000.000,22778000.000,24145000.000,24465000.000,32910000.000,37985000.000,44827000.000,45393000.000,52067000.000,49401000.000,47009000.000,44683000.000,46439000.000,48027000.000,47816000.000,43630000.000,46074000.000,44116000.000,40290000.000,37609000.000
DepreciationDepletionAndAmortization,,,19173000.000,,,,,,,,,,,,,,,,,,,,
DirectCostsOfLeasedAndRentedPropertyOrEquipment,4180000.000,4189000.000,8554000.000,9295000.000,10291000.000,12371000.000,12548000.000,15302000.000,18035000.000,19831000.000,21157000.000,21063000.000,21068000.000,21846000.000,22250000.000,22873000.000,22672000.000,24107000.000,22982000.000,22638000.000,22844000.000,24812000.000,20471000.000
Dividends,,,,17101000.000,19267000.000,,26190000.000,27816000.000,30640000.000,35118000.000,39415000.000,43328000.000,44065000.000,44277000.000,43472000.000,44142000.000,44758000.000,44921000.000,44579000.000,44634000.000,45228000.000,45382000.000,44497000.000
DividendsCommonStockCash,,,,8236000.000,9266000.000,,12418000.000,13265000.000,14561000.000,16458000.000,18336000.000,20117000.000,20453000.000,20649000.000,20375000.000,20770000.000,21110000.000,21226000.000,21128000.000,21232000.000,21617000.000,21843000.000,21614000.000
DividendsCommonStockStock,,,,8865000.000,10001000.000,,13772000.000,14551000.000,16079000.000,18660000.000,21079000.000,23211000.000,23612000.000,23628000.000,23097000.000,23372000.000,23648000.000,23695000.000,23451000.000,23402000.000,23611000.000,23539000.000,22883000.000
DividendsPreferredStockCash,,,,675000.000,,,,,,,,,,,,,,,,,,,
EarningsPerShareBasicAndDiluted,-0.270,-0.240,-0.090,-0.090,-0.120,0.000,-0.200,-0.190,-0.070,-0.020,-0.150,-0.040,0.010,0.200,-0.060,-0.010,0.000,0.030,0.020,0.030,0.040,0.460,0.030
EffectOfExchangeRateOnCashAndCashEquivalents,,,906000.000,,,,1543000.000,,,,394000.000,,,,-4662000.000,,,,1018000.000,,,,
EquityMethodInvestmentDividendsOrDistributions,,,,,,,,,,,,,,,418000.000,,150000.000,,425000.000,8957000.000,128000.000,0.000,
ForeignCurrencyTransactionGainLossBeforeTax,,,,,,,-4531000.000,-8723000.000,1627000.000,5169000.000,-1930000.000,-3822000.000,-3899000.000,-3423000.000,952000.000,-5005000.000,-1485000.000,-15930000.000,-154000.000,-6925000.000,3282000.000,-4443000.000,6619000.000
GainLossOnInterestRateDerivativeInstrumentsNotDesignatedAsHedgingInstruments,-8313000.000,-9782000.000,-1923000.000,3745000.000,-1394000.000,970000.000,21000.000,9447000.000,134000.000,307000.000,-964000.000,-1163000.000,8946000.000,503000.000,133000.000,511000.000,-59000.000,-23000.000,-562000.000,-117000.000,-29000.000,19000.000,-12000.000
GainLossOnSaleOfProperties,,,,,,,,,,,,,,,-1127000.000,,,,0.000,,,,85188000.000
GainsLossesOnSalesOfInvestmentRealEstate,,,,,,,,,,,,,,,-1127000.000,0.000,55000.000,15756000.000,0.000,0.000,0.000,127294000.000,85188000.000
GeneralAndAdministrativeExpense,856000.000,868000.000,889000.000,991000.000,769000.000,941000.000,1088000.000,1457000.000,1245000.000,1554000.000,1530000.000,1708000.000,1831000.000,1713000.000,2162000.000,2230000.000,2037000.000,2168000.000,2987000.000,2930000.000,2859000.000,2373000.000,3146000.000
ImpairmentOfRealEstate,,,,,0.000,,,,,,,,,,,,,,,,,,
IncomeLossFromContinuingOperationsBeforeIncomeTaxesMinorityInterestAndIncomeLossFromEquityMethodInvestments,-17080000.000,-18511000.000,-7890000.000,-10514000.000,-14095000.000,106000.000,-32379000.000,-32520000.000,-11581000.000,-8582000.000,-33484000.000,-8670000.000,6043000.000,52759000.000,-12215000.000,-123000.000,3723000.000,8179000.000,8315000.000,10288000.000,14400000.000,131550000.000,98094000.000
IncomeLossFromEquityMethodInvestments,,,,,,,,,,,,,,,,58000.000,176000.000,,,7565000.000,-73000.000,,
IncomeTaxExpenseBenefit,767000.000,514000.000,881000.000,-1126000.000,148000.000,1244000.000,-408000.000,-401000.000,1245000.000,265000.000,1958000.000,813000.000,1865000.000,1170000.000,1693000.000,297000.000,1570000.000,958000.000,1839000.000,1133000.000,2032000.000,2322000.000,-848000.000
IncomeTaxesPaidNet,,,,,,,1900000.000,,,,1729000.000,,,,2438000.000,,,,4056000.000,,,,2515000.000
IncreaseDecreaseInAccountsPayableAndAccruedLiabilities,,,548000.000,,,,5236000.000,,,,25553000.000,,,,-1312000.000,,,,-10278000.000,,,,3636000.000
IncreaseDecreaseInDeferredLeasingFees,,,573000.000,,,,5821000.000,,,,9893000.000,,,,7088000.000,,,,-282000.000,,,,17578000.000
IncreaseDecreaseInDueToAffiliates,,,507000.000,,,,7131000.000,,,,11337000.000,,,,5391000.000,,,,-76000.000,,,,-10534000.000
IncreaseDecreaseInOtherOperatingAssets,,,-972000.000,,,,4276000.000,,,,16603000.000,,,,3171000.000,,,,1921000.000,,,,5431000.000
IncreaseDecreaseInOtherOperatingLiabilities,,,310000.000,,,,-3339000.000,,,,7342000.000,,,,-309000.000,,,,-10376000.000,,,,-4621000.000
IncreaseDecreaseInRestrictedCash,,,1015000.000,,,,4122000.000,,,,4553000.000,,,,1389000.000,,,,-3815000.000,,,,
IncreaseDecreaseInSecurityDeposits,,,,,,,,,,,163000.000,,,,294000.000,,,,-177000.000,,,,-74000.000
InterestExpenseDebt,5640000.000,5937000.000,7623000.000,8902000.000,10387000.000,11003000.000,10693000.000,14992000.000,17515000.000,17768000.000,17498000.000,20424000.000,20357000.000,19994000.000,17923000.000,19042000.000,17794000.000,16529000.000,16260000.000,16332000.000,16135000.000,15746000.000,14684000.000
InterestPaid,,,,,,,9092000.000,,,,12752000.000,,,,14621000.000,,,,15441000.000,,,,14124000.000
InvestmentIncomeInterest,36000.000,32000.000,208000.000,13000.000,28000.000,-22000.000,90000.000,179000.000,86000.000,99000.000,141000.000,136000.000,160000.000,69000.000,138000.000,127000.000,80000.000,82000.000,88000.000,,,,
MinorityInterestDecreaseFromDistributionsToNoncontrollingInterestHolders,,,,,,,,,,,680000.000,855000.000,675000.000,2458000.000,816000.000,1643000.000,835000.000,927000.000,987000.000,1281000.000,2671000.000,752000.000,55356000.000
NetCashProvidedByUsedInFinancingActivities,,,160135000.000,,,,678533000.000,,,,576387000.000,,,,351893000.000,,,,-41656000.000,,,,-227664000.000
NetCashProvidedByUsedInFinancingActivitiesContinuingOperations,,,160135000.000,,,,678533000.000,,,,576387000.000,,,,351893000.000,,,,-41656000.000,,,,-227664000.000
NetCashProvidedByUsedInInvestingActivities,,,-152804000.000,,,,-707983000.000,,,,-566072000.000,,,,-393636000.000,,,,1191000.000,,,,290764000.000
NetCashProvidedByUsedInInvestingActivitiesContinuingOperations,,,-152804000.000,,,,-707983000.000,,,,-566072000.000,,,,-393636000.000,,,,1191000.000,,,,290764000.000
NetCashProvidedByUsedInOperatingActivities,,,14652000.000,,,,643000.000,,,,19326000.000,,,,20712000.000,,,,30824000.000,,,,28819000.000
NetCashProvidedByUsedInOperatingActivitiesContinuingOperations,,,14652000.000,,,,643000.000,,,,19326000.000,,,,20712000.000,,,,30824000.000,,,,28819000.000
NetIncomeLoss,-16584000.000,-17755000.000,-8754000.000,-9006000.000,-14134000.000,-2585000.000,-32492000.000,-32556000.000,-13442000.000,-10446000.000,-36389000.000,-10580000.000,3214000.000,48833000.000,-15078000.000,-2483000.000,1067000.000,5863000.000,5190000.000,7510000.000,10208000.000,128142000.000,8475000.000
NetIncomeLossAttributableToNoncontrollingInterest,-1263000.000,-1270000.000,-17000.000,-382000.000,-109000.000,1447000.000,521000.000,437000.000,616000.000,1599000.000,947000.000,1097000.000,964000.000,2756000.000,1170000.000,2063000.000,1086000.000,1358000.000,1286000.000,1645000.000,2160000.000,1086000.000,90467000.000
NoncashOrPartNoncashAcquisitionValueOfLiabilitiesAssumed1,,,,,,,1219000.000,,,,2524000.000,,,,2332000.000,,,,0.000,,,,
OperatingIncomeLoss,-3159000.000,-2838000.000,2942000.000,-4583000.000,-5070000.000,9936000.000,-17266000.000,-18431000.000,4087000.000,3611000.000,-13233000.000,16603000.000,21193000.000,11601000.000,5612000.000,23286000.000,22926000.000,24823000.000,25203000.000,26249000.000,27212000.000,24363000.000,20881000.000
OtherComprehensiveIncomeForeignCurrencyTransactionAndTranslationAdjustmentNetOfTaxPeriodIncreaseDecrease,-339000.000,-20342000.000,19761000.000,-28389000.000,16547000.000,,,,,,,,,,,,,,,,,,
OtherComprehensiveIncomeLossForeignCurrencyTransactionAndTranslationAdjustmentNetOfTax,,,,,,,-12499000.000,-30740000.000,27930000.000,469000.000,-3893000.000,15395000.000,-55191000.000,-57708000.000,-37756000.000,21776000.000,-28837000.000,4301000.000,10132000.000,-23062000.000,2026000.000,-29743000.000,27787000.000
OtherNoncashIncome,,,-1494000.000,,,,,,,,,,,,,,,,,,,,
OtherNonoperatingGainsLosses,-4000.000,14000.000,-1494000.000,-787000.000,2728000.000,225000.000,,,,,,,,,,,,,,,,,
OtherNonoperatingIncomeExpense,,,,,,,,,,,,,,,,,,,,-152000.000,143000.000,,102000.000
OtherRealEstateRevenue,1727000.000,1726000.000,2273000.000,2818000.000,3421000.000,3934000.000,4128000.000,5947000.000,6931000.000,6913000.000,7177000.000,7438000.000,7788000.000,7892000.000,7766000.000,9302000.000,9280000.000,8816000.000,8317000.000,12604000.000,9861000.000,6393000.000,6033000.000
OwnedPropertyManagementCosts,501000.000,565000.000,763000.000,887000.000,1098000.000,1204000.000,1328000.000,2199000.000,2143000.000,2069000.000,2298000.000,2320000.000,2521000.000,2555000.000,2455000.000,2639000.000,2520000.000,2723000.000,2419000.000,2321000.000,2498000.000,2341000.000,2192000.000
PaymentsForCapitalImprovements,,,,,,,11852000.000,,,,17294000.000,,,,3954000.000,,,,1970000.000,,,,8376000.000
PaymentsForDepositsOnRealEstateAcquisitions,,,8664000.000,,,,,,,,,,,,,,,,0.000,,,,
PaymentsForDerivativeInstrumentFinancingActivities,,,,,,,776000.000,,,,0.000,,,,2220000.000,,,,54000.000,,,,0.000
PaymentsForProceedsFromDepositsOnRealEstateAcquisitions,,,,,,,,,,,,,,,57748000.000,,,,,,,,
PaymentsForProceedsFromLoansReceivable,,,,,,,,,,,,,,,,,,,1199000.000,,,,158000.000
PaymentsForRepurchaseOfCommonStock,,,1589000.000,,,,3238000.000,,,,8947000.000,,,,14526000.000,,,,15157000.000,,,,19855000.000
PaymentsOfFinancingCosts,,,186000.000,,,,2113000.000,,,,2270000.000,,,,1835000.000,,,,194000.000,,,,163000.000
PaymentsOfOrdinaryDividends,,,7813000.000,,,,11826000.000,,,,17501000.000,,,,20712000.000,,,,22127000.000,,,,82853000.000
PaymentsOfStockIssuanceCosts,,,1320000.000,,,,1096000.000,,,,1208000.000,,,,14000.000,,,,15000.000,,,,18000.000
PaymentsToAcquireEquityMethodInvestments,,,,,,,,,,,,,,,57000.000,,,,36000.000,7565000.000,,,
PaymentsToAcquireLoansReceivable,,,12093000.000,,,,10206000.000,,,,2549000.000,,,,4404000.000,,,,,,,,
ProceedsFromCollectionOfLoansReceivable,,,,,,,,,,,3288000.000,,,,,,,,,,,,
ProceedsFromCollectionOfNotesReceivable,,,,,,,,,,,,,,,2396000.000,,,,156000.000,,,,56000.000
ProceedsFromDividendsReceived,,,,,,,,,,,,,,,57000.000,,,,0.000,,,,
ProceedsFromEquityMethodInvestmentDividendsOrDistributionsReturnOfCapital,,,,,,,,,,,,,,,,,,,389000.000,,,,0.000
ProceedsFromIssuanceOfCommonStock,,,92277000.000,,,,181542000.000,,,,338987000.000,,,,0.000,,,,,,,,
ProceedsFromMinorityShareholders,,,400000.000,,,,315000.000,,,,0.000,,,,,,,,,,,,
ProceedsFromNotesPayable,,,165880000.000,,,,663306000.000,,,,518463000.000,,,,392704000.000,,,,34000000.000,,,,38000000.000
ProceedsFromRepaymentsOfRelatedPartyDebt,,,690000.000,,,,2139000.000,,,,0.000,,,,96000.000,,,,0.000,,,,
ProceedsFromSaleOfRealEstateHeldforinvestment,,,,,,,,,,,,,,,,,,,,,,,299242000.000
ProfitLoss,-17847000.000,-19025000.000,-8771000.000,-9388000.000,-14243000.000,-1138000.000,-31971000.000,-32119000.000,-12826000.000,-8847000.000,-35442000.000,-9483000.000,4178000.000,51589000.000,-13908000.000,-420000.000,2153000.000,7221000.000,6476000.000,9155000.000,12368000.000,129228000.000,98942000.000
RealEstateRevenueNet,21862000.000,23639000.000,36781000.000,42628000.000,50346000.000,45039000.000,55904000.000,69877000.000,83150000.000,90012000.000,97946000.000,110402000.000,109917000.000,107704000.000,105313000.000,110381000.000,110253000.000,115762000.000,110619000.000,109033000.000,111993000.000,109088000.000,100333000.000
RealEstateTaxExpense,1696000.000,1695000.000,2768000.000,3590000.000,4965000.000,5253000.000,5299000.000,6456000.000,8679000.000,8204000.000,9882000.000,10323000.000,12507000.000,9561000.000,11323000.000,11786000.000,12501000.000,11821000.000,12383000.000,12315000.000,13030000.000,11666000.000,12641000.000
RepaymentsOfNotesPayable,,,79643000.000,,,,133106000.000,,,,219149000.000,,,,1894000.000,,,,37932000.000,,,,162701000.000
Revenues,,,,,,,60032000.000,75824000.000,90081000.000,96925000.000,105123000.000,117840000.000,117705000.000,115596000.000,113079000.000,119683000.000,119533000.000,124578000.000,118936000.000,121637000.000,121854000.000,115481000.000,106366000.000
SalesRevenueNet,,,,,,,60032000.000,75824000.000,90081000.000,96925000.000,105123000.000,117840000.000,117705000.000,115596000.000,113079000.000,119683000.000,119533000.000,124578000.000,118936000.000,121637000.000,121854000.000,115481000.000,106366000.000
UnrealizedGainLossOnDerivatives,,,-1923000.000,,,,21000.000,,,,-964000.000,,,,133000.000,,,,-562000.000,,,,-12000.000
WeightedAverageNumberOfShareOutstandingBasicAndDiluted,,,,,,,163514000.000,171772000.000,187205000.000,-338079000.000,246271000.000,267440000.000,268982000.000,-519370000.000,271255000.000,272401000.000,273201000.000,-544084000.000,275102000.000,275442000.000,276067000.000,-550697000.000,277638000.000
