,2012-02-29,2012-05-31,2012-08-31,2012-11-30,2013-02-28,2013-05-31,2014-02-28,2014-05-31,2014-08-31,2014-11-30,2015-02-28,2015-05-31,2015-08-31,2015-11-30,2016-02-29,2016-05-31,2016-08-31,2016-11-30,2017-02-28,2017-05-31
AmortizationOfIntangibleAssets,,,,,,,,,,,,392907.000,408380.000,,328.000,482.000,408.000,1618782.000,381000.000,397000.000
CashAndCashEquivalentsPeriodIncreaseDecrease,352506.000,,,,49668.000,,186554.000,,,,-666321.000,,,,-3203.000,,,,3021000.000,
ComprehensiveIncomeNetOfTax,,,,,,,-709314.000,,,,-892140.000,-1554653.000,-1171819.000,-2110388.000,729.000,-3312.000,-2680.000,-9107737.000,-9094000.000,524000.000
CostOfRevenue,,,,,,,,,,,,972979.000,1325739.000,,1480.000,1964.000,1829.000,7651727.000,1905000.000,1128000.000
DefinedBenefitPlanBenefitObligationPeriodIncreaseDecrease,,,,,638.000,,,,,,-96.000,,,,,,,,,
Depreciation,,,,,810.000,,867.000,,,,1374.000,,,,641.000,,,,,
DepreciationAndAmortization,,,,,,,,,,,,,,,,,,,592000.000,
DerivativeGainLossOnDerivativeNet,,,,,,,419774.000,,,,182954.000,,,,1803.000,,,,-3938000.000,
EarningsPerShareBasic,,,,,,,,,,,0.010,0.020,0.030,0.020,0.002,0.040,0.020,0.028,-0.080,0.005
EarningsPerShareBasicAndDiluted,0.010,0.020,0.040,0.020,0.030,0.030,0.010,0.030,-0.060,,,,,,,,,,,
EarningsPerShareDiluted,,,,,,,,,,,0.020,0.030,0.040,0.020,0.001,0.040,0.020,0.029,-0.080,0.005
EffectOfExchangeRateOnCashAndCashEquivalents,,,,,,,,,,,-127606.000,,,,-32.000,,,,-40000.000,
GainLossOnInvestments,,,,,,,,,,,,,,,,,,,-89000.000,
GeneralAndAdministrativeExpense,134091.000,396069.000,1346807.000,802781.000,835094.000,1074028.000,512109.000,1079906.000,440058.000,995107.000,659091.000,1199872.000,952053.000,1223984.000,1166.000,2173.000,1279.000,6235382.000,2271000.000,2432000.000
GrossProfit,,,,,,,,,,,,,,,40.000,-832.000,20.000,-1259228.000,-53000.000,1170000.000
IncomeLossFromContinuingOperationsBeforeIncomeTaxesMinorityInterestAndIncomeLossFromEquityMethodInvestments,-853762.000,-874828.000,-1889074.000,-1370895.000,-1320355.000,-1292319.000,-1117220.000,-1565275.000,-1285657.000,-608478.000,-834708.000,-1112045.000,-1708385.000,-1705862.000,-83.000,-4526.000,-3016.000,-10733375.000,-8483000.000,-1003000.000
IncomeTaxExpenseBenefit,,,,,,,,,,,,-15227.000,-92829.000,,-308.000,-634.000,-372.000,-1545686.000,516000.000,-444000.000
IncreaseDecreaseInAccountsPayable,28709.000,,,,-947.000,,32038.000,,,,-514753.000,,,,-692.000,,,,-662000.000,
IncreaseDecreaseInAccountsReceivable,,,,,,,,,,,,,,,489.000,,,,308000.000,
IncreaseDecreaseInAccruedIncomeTaxesPayable,,,,,,,,,,,,,,,-308.000,,,,517000.000,
IncreaseDecreaseInAccruedLiabilities,,,,,56134.000,,105342.000,,,,-127779.000,,,,172.000,,,,754000.000,
IncreaseDecreaseInDeferredRevenue,,,,,,,,,,,,,,,165.000,,,,1452000.000,
IncreaseDecreaseInDueToOtherRelatedParties,35987.000,,,,-26769.000,,18983.000,,,,-77292.000,,,,286.000,,,,-89000.000,
IncreaseDecreaseInDueToRelatedPartiesCurrent,10000.000,,,,0.000,,0.000,,,,,,,,,,,,,
IncreaseDecreaseInEmployeeRelatedLiabilities,,,,,,,576.000,,,,,,,,,,,,,
IncreaseDecreaseInInventories,,,,,,,,,,,,,,,109.000,,,,215000.000,
IncreaseDecreaseInOtherCurrentAssets,,,,,,,,,,,,,,,2.000,,,,0.000,
IncreaseDecreaseInPrepaidExpense,-1052.000,,,,-5724.000,,-7602.000,,,,609961.000,,,,-164.000,,,,541000.000,
IncreaseDecreaseInRestrictedCashAndInvestments,,,,,,,,,,,5043.000,,,,0.000,,,,,
InterestExpenseShortTermBorrowings,,,,,,,6722.000,,,,116105.000,,,,8.000,,,,323000.000,
IssuanceOfStockAndWarrantsForServicesOrClaims,509622.000,,,,0.000,,6319.000,,,,0.000,,,,,,,,,
NetCashProvidedByUsedInFinancingActivities,471661.000,,,,500000.000,,687625.000,,,,-14084.000,,,,-1508.000,,,,3036000.000,
NetCashProvidedByUsedInFinancingActivitiesContinuingOperations,471661.000,,,,500000.000,,687625.000,,,,-14084.000,,,,-1508.000,,,,3036000.000,
NetCashProvidedByUsedInInvestingActivities,0.000,,,,-6529.000,,-1055.000,,,,-11668.000,,,,-354.000,,,,-414000.000,
NetCashProvidedByUsedInInvestingActivitiesContinuingOperations,0.000,,,,-6529.000,,-1055.000,,,,-11668.000,,,,-354.000,,,,-414000.000,
NetCashProvidedByUsedInOperatingActivities,-119155.000,,,,-443803.000,,-500016.000,,,,-640569.000,,,,-1341.000,,,,399000.000,
NetCashProvidedByUsedInOperatingActivitiesContinuingOperations,-119155.000,,,,-443803.000,,-500016.000,,,,-640569.000,,,,-1341.000,,,,399000.000,
NetIncomeLoss,-853861.000,-874818.000,-1875254.000,-1394210.000,-1329793.000,-1556650.000,-709314.000,-1796008.000,-3492245.000,493466.000,-790210.000,-1096818.000,,,225.000,-3892.000,-2644.000,-9187689.000,-8999000.000,-559000.000
NonoperatingIncomeExpense,,,,,,,,,-2206588.000,,,,,,,,,,,
OperatingExpenses,,,,,,,,,1285657.000,,,,,,,,,,,
OperatingIncomeLoss,,,,,,,,,,,,-2034947.000,-2044317.000,,-1855.000,-3973.000,-2442.000,-11268730.000,-3446000.000,-2324000.000
OtherComprehensiveIncomeForeignCurrencyTransactionAndTranslationAdjustmentNetOfTaxPortionAttributableToParent,,,,,,,,,,,-101930.000,-457835.000,443737.000,-1151972.000,504.000,580.000,-36.000,79952.000,-95000.000,1083000.000
OtherNonoperatingIncomeExpense,-99.000,10.000,13820.000,-23315.000,-9438.000,-264331.000,407906.000,-230733.000,-2206588.000,1101944.000,44498.000,922902.000,335932.000,546668.000,1772.000,-553.000,-574.000,658355.000,-4948000.000,1428000.000
PaymentsForProceedsFromInvestments,,,,,,,,,,,,,,,,,,,180000.000,
PaymentsForProceedsFromShortTermInvestments,,,,,0.000,,0.000,,,,,,,,,,,,,
PaymentsToAcquirePropertyPlantAndEquipment,,,,,5900.000,,0.000,,,,6749.000,,,,354.000,,,,253000.000,
PaymentsToDevelopSoftware,0.000,,,,0.000,,0.000,,,,,,,,,,,,,
PensionAndOtherPostretirementBenefitContributions,,,,,629.000,,1055.000,,,,-124.000,,,,,,,,,
ProceedsFromConvertibleDebt,,,,,,,,,,,0.000,,,,,,,,3812000.000,
ProceedsFromIssuanceOfCommonStock,471661.000,,,,500000.000,,587625.000,,,,0.000,,,,225.000,,,,1323000.000,
ProceedsFromPaymentsForOtherFinancingActivities,,,,,,,100000.000,,,,,,,,,,,,,
ProceedsFromSaleOfPropertyPlantAndEquipment,,,,,,,,,,,,,,,,,,,19000.000,
ProceedsFromShortTermDebt,,,,,,,,,,,-14084.000,,,,0.000,,,,-21000.000,
RepaymentsOfConvertibleDebt,,,,,,,,,,,,,,,,,,,1736000.000,
RepaymentsOfLongTermDebt,,,,,,,,,,,,,,,1733.000,,,,342000.000,
ResearchAndDevelopmentExpense,719671.000,478759.000,542267.000,568114.000,485261.000,218291.000,605111.000,485369.000,845599.000,-386629.000,175617.000,289609.000,294360.000,307414.000,401.000,486.000,775.000,2155338.000,741000.000,665000.000
Revenues,,,,,,,,,0.000,,,820420.000,936215.000,,1520.000,1132.000,1849.000,6392499.000,1852000.000,2298000.000
SalesRevenueNet,,,,,,,,,0.000,,,820420.000,936215.000,,1520.000,1132.000,1849.000,6392499.000,1852000.000,2298000.000
ShareBasedCompensation,149335.000,,,,797584.000,,442113.000,,,,158803.000,,,,170.000,,,,679000.000,
StockGrantedDuringPeriodValueSharebasedCompensation,149335.000,,,,797584.000,,,,,,,,,,,,,,,
StockIssuedDuringPeriodValueOther,471661.000,,,,,,,,,,,,,,,,,,,
StockIssuedDuringPeriodValueStockOptionsExercised,,,,,,,624.000,,,,,,,,,,,,,
WeightedAverageNumberOfDilutedSharesOutstanding,69839301.000,48557903.000,48786381.000,-112918361.000,49606667.000,50032772.000,52085973.000,54010496.000,54916980.000,-106291480.000,56288938.000,62795145.000,56434465.000,-118597636.000,103127025.000,107583871.000,111188616.000,-219640658.000,111425081000.000,114820844000.000
WeightedAverageNumberOfSharesOutstandingBasic,,,,,,,,,,,55735394.000,55785407.000,55835950.000,-111558335.000,103127025.000,107583871.000,111188616.000,-219640658.000,111425081000.000,114820844000.000
