,2011-06-30,2011-09-30,2012-03-31,2012-09-30,2013-03-31,2013-06-30,2013-09-30,2013-12-31,2014-03-31,2014-06-30,2014-09-30,2014-12-31,2015-03-31,2015-06-30,2015-09-30,2015-12-31,2016-03-31,2016-06-30,2016-09-30,2016-12-31,2017-03-31
AdjustmentForAmortization,,,69301.000,,,,,,,,,,,,,,,,,,
AdjustmentsToAdditionalPaidInCapitalSharebasedCompensationRequisiteServicePeriodRecognitionValue,,,,,,,,,,,,,113084.000,,,,173816.000,,,,210074.000
AdjustmentsToAdditionalPaidInCapitalStockIssuedIssuanceCosts,,,,,,,,,,,,,221669.000,,,,,,,,
AdjustmentsToAdditionalPaidInCapitalWarrantIssued,,,,,,,,,,,,,260373.000,,,,,,,,
AmortizationOfDebtDiscountPremium,62975.000,63668.000,62976.000,6326.000,9728.000,37292.000,592970.000,-614688.000,6326.000,33889.000,253977.000,99333.000,340960.000,178981.000,116008.000,116019.000,,114816.000,155313.000,,134192.000
AmortizationOfFinancingCosts,,,,,,,,,,,,,,11580.000,11708.000,,132787.000,11580.000,11707.000,-109500.000,11453.000
AmortizationOfFinancingCostsAndDiscounts,,,,,,,,,,,,,340960.000,,,,132787.000,,,,11453.000
AmortizationOfIntangibleAssets,,,,,,,,,,,,,71613.000,,,,71612.000,,,,
AntidilutiveSecuritiesExcludedFromComputationOfEarningsPerShareAmount,,,,,1329333.000,,,,1544999.000,941467.000,2469637.000,,,,,,,,,,
CapitalizedComputerSoftwareAmortization1,,,,,,,,,,,,,,,,,,,,,71613.000
CashAndCashEquivalentsPeriodIncreaseDecrease,,,-6124.000,,465872.000,,,,-38328.000,,,,22799342.000,,,,-3663203.000,,,,-4138288.000
ConversionOfStockSharesIssued1,,,,,200000.000,,,,,,,,,,,,,,,,
CostOfGoodsSold,989323.000,1468806.000,1528822.000,486650.000,282013.000,315280.000,177361.000,580255.000,390649.000,416808.000,444234.000,632987.000,585390.000,392548.000,612346.000,511182.000,602977.000,647871.000,819116.000,1181942.000,953903.000
CostOfRevenue,1251985.000,1760259.000,1737827.000,557650.000,337387.000,406622.000,190027.000,648059.000,450249.000,462240.000,460234.000,729188.000,630822.000,392548.000,644246.000,516182.000,602977.000,686931.000,819116.000,1181942.000,1061903.000
CostOfServices,262662.000,291453.000,209005.000,71000.000,55374.000,91342.000,12666.000,67804.000,59600.000,45432.000,16000.000,96201.000,45432.000,0.000,31900.000,5000.000,0.000,39060.000,0.000,0.000,108000.000
DebtConversionConvertedInstrumentAmount1,,,,,,,,,,,,,337500.000,,,,22500.000,,,,1197341.000
DebtConversionConvertedInstrumentWarrantsOrOptionsIssued1,,,,,186480.000,,,,,,,,,,,,,,,,
DebtIssuanceCosts,,,,,227174.000,,,,,,,,,,,,,,,,
Depreciation,,,,,98348.000,,,,99705.000,,,,59639.000,,,,,,,,
DepreciationAndAmortization,111052.000,111052.000,135827.000,123983.000,98348.000,90612.000,95595.000,93285.000,99705.000,101438.000,59680.000,18494.000,59638.000,78548.000,88285.000,154370.000,169188.000,183686.000,196370.000,221424.000,239830.000
DepreciationDepletionAndAmortization,,,135827.000,,,,,,,,,,,,,,,,,,
DerivativeGainLossOnDerivativeNet,,,,,,,,,,1218354.000,1301588.000,,-1003427.000,,,,101666.000,,,,22560.000
DerivativeLossOnDerivative,,,,,14287.000,280261.000,-259426.000,3540156.000,-2575262.000,-1248556.000,1698940.000,,,,,,,,,,
DiscontinuedOperationProvisionForLossGainOnDisposalNetOfTax,,,,65056.000,0.000,0.000,0.000,0.000,,,,,,,,,,,,,
DiscontinuedOperationTaxEffectOfDiscontinuedOperation,,,,0.000,0.000,0.000,0.000,0.000,,,,,,,,,,,,,
DisposalGroupIncludingDiscontinuedOperationCostsOfGoodsSold,,,,0.000,0.000,0.000,0.000,0.000,,,,,,,,,,,,,
DisposalGroupIncludingDiscontinuedOperationGrossProfitLoss,,,,0.000,0.000,0.000,0.000,0.000,,,,,,,,,,,,,
DisposalGroupIncludingDiscontinuedOperationInterestExpense,,,,0.000,,,,,,,,,,,,,,,,,
DisposalGroupIncludingDiscontinuedOperationOperatingIncomeLoss,,,,0.000,0.000,0.000,0.000,0.000,,,,,,,,,,,,,
DisposalGroupIncludingDiscontinuedOperationRevenue,,,,0.000,0.000,0.000,0.000,0.000,,,,,,,,,,,,,
DisposalGroupNotDiscontinuedOperationGainLossOnDisposal,,,,-65056.000,0.000,0.000,0.000,0.000,,,,,,,,,,,,,
EarningsPerShareBasic,,,,-0.004,,-0.470,-0.260,,0.150,0.020,-0.310,,-0.400,-0.170,,,,,,,
EarningsPerShareBasicAndDiluted,-0.004,-0.004,-0.003,,-0.260,,,,,,,,,,-0.170,,-0.260,-0.280,-0.320,-0.370,-0.230
EarningsPerShareDiluted,,,,-0.004,,-0.470,-0.260,,0.130,0.020,,,-0.400,-0.170,,,,,,,
ExtinguishmentOfDebtGainLossNetOfTax,,,,,,,,,,,,,,,,,101666.000,,,,
FairValueMeasurementWithUnobservableInputsReconciliationRecurringBasisLiabilityPeriodIncreaseDecrease,,,,,,,,,,,,,,,,,,,,,-22560.000
ForeignCurrencyTransactionGainLossBeforeTax,-5529.000,-185.000,-4942.000,157.000,-13070.000,3324.000,4671.000,-8617.000,-3951.000,3713.000,-3473.000,998.000,5271.000,-4223.000,287.000,-1612.000,-3949.000,-3536.000,-13781.000,-11813.000,1097.000
GainLossOnDerivativeInstrumentsNetPretax,,,,,,,,,,,,,-1003427.000,-23279.000,58239.000,-129998.000,,-99679.000,-59120.000,,22560.000
GainLossOnDispositionOfAssets1,,,,,,,,,,,,,,,,,,,-25890.000,,
GainsLossesOnSalesOfAssets,,,,-1116023.000,5837607.000,,,,,,,,,,,,,,,,
GeneralAndAdministrativeExpense,647493.000,663871.000,562591.000,507883.000,416686.000,602065.000,585260.000,561330.000,479637.000,532561.000,592914.000,988272.000,2934907.000,1023244.000,1120982.000,1040968.000,886315.000,1199427.000,1274698.000,1753699.000,1235183.000
GrossProfit,1076664.000,1083029.000,1113565.000,198845.000,401797.000,293573.000,148789.000,-37201.000,348169.000,261018.000,204352.000,116626.000,178333.000,35264.000,326133.000,26456.000,-239138.000,-126054.000,-236567.000,-561829.000,148760.000
ImpairmentOfIntangibleAssetsFinitelived,,,9268.000,,0.000,,,,0.000,,,,,,,,,,,,
IncomeLossFromContinuingOperations,,,,-1116023.000,-936298.000,-1656736.000,-1856700.000,-5696494.000,993150.000,,,,,,,,,,,,
IncomeLossFromContinuingOperationsBeforeIncomeTaxesExtraordinaryItemsNoncontrollingInterest,,,,,,,,,,,,,,,,,,-4103490.000,-5035861.000,,-4181812.000
IncomeLossFromContinuingOperationsBeforeIncomeTaxesMinorityInterestAndIncomeLossFromEquityMethodInvestments,-925583.000,-914699.000,-827481.000,-1110302.000,-922602.000,-1653495.000,-1832412.000,-5737719.000,1511906.000,239110.000,-3301321.000,-6318553.000,-5090852.000,-2402327.000,-2424971.000,-3509328.000,-3775739.000,,,,
IncomeLossFromContinuingOperationsPerBasicAndDilutedShare,,,,,-0.260,-0.470,-0.260,,,,,,,,,,,,,,
IncomeLossFromContinuingOperationsPerBasicShare,,,,-0.004,,,,,,,,,,,,,,,,,
IncomeLossFromContinuingOperationsPerDilutedShare,,,,-0.004,,,,,,,,,,,,,,,,,
IncomeLossFromDiscontinuedOperationsNetOfTax,,,,-65056.000,0.000,0.000,0.000,0.000,,,,,,,,,,,,,
IncomeLossFromDiscontinuedOperationsNetOfTaxAttributableToNoncontrollingInterest,,,,0.000,0.000,0.000,0.000,0.000,,,,,,,,,,,,,
IncomeLossFromDiscontinuedOperationsNetOfTaxPerBasicShare,,,,-0.000,0.000,0.000,0.000,0.000,,,,,,,,,,,,,
IncomeLossFromDiscontinuedOperationsNetOfTaxPerDilutedShare,,,,-0.000,0.000,0.000,0.000,0.000,,,,,,,,,,,,,
IncomeTaxExpenseBenefit,1956.000,5854.000,17002.000,5721.000,13696.000,3241.000,24288.000,-41225.000,0.000,,0.000,,0.000,0.000,0.000,0.000,0.000,0.000,0.000,0.000,0.000
IncomeTaxesPaid,,,15802.000,,-10754.000,,,,-10764.000,,,,,,,,,,,,
IncreaseDecreaseInAccountsPayable,,,-41095.000,,304913.000,,,,-146719.000,,,,-1355578.000,,,,-469658.000,,,,-82323.000
IncreaseDecreaseInAccountsReceivable,,,-307491.000,,53520.000,,,,-27130.000,,,,-128407.000,,,,-269233.000,,,,217261.000
IncreaseDecreaseInAccruedIncomeTaxesPayable,,,-300.000,,2942.000,,,,10678.000,,,,-6060.000,,,,8122.000,,,,-1169.000
IncreaseDecreaseInAccruedLiabilities,,,-64207.000,,8318.000,,,,-13700.000,,,,-25330.000,,,,32119.000,,,,49262.000
IncreaseDecreaseInCustomerDeposits,,,-363558.000,,-3678.000,,,,-72409.000,,,,-101493.000,,,,24530.000,,,,42123.000
IncreaseDecreaseInDeferredRevenue,,,,,,,,,,,,,15086.000,,,,44994.000,,,,-211399.000
IncreaseDecreaseInDeferredRevenueAndCustomerAdvancesAndDeposits,,,,,,,,,52217.000,,,,,,,,,,,,
IncreaseDecreaseInEmployeeRelatedLiabilities,,,93269.000,,129422.000,,,,0.000,,,,,,,,,,,,-25110.000
IncreaseDecreaseInInterestPayableNet,,,257746.000,,130016.000,,,,5708.000,,,,22470.000,,,,23647.000,,,,40926.000
IncreaseDecreaseInInventories,,,-686610.000,,-38240.000,,,,82047.000,,,,101518.000,,,,57026.000,,,,69614.000
IncreaseDecreaseInPrepaidDeferredExpenseAndOtherAssets,,,9047.000,,-20757.000,,,,-136026.000,,,,-164821.000,,,,-169204.000,,,,-246687.000
InterestExpense,234307.000,233643.000,301519.000,121871.000,179842.000,231395.000,307521.000,-214979.000,38487.000,28877.000,66333.000,58433.000,51496.000,37693.000,40956.000,25078.000,33550.000,33542.000,33981.000,30016.000,40966.000
InterestExpenseLongTermDebt,,,,,26862.000,,,,,,,,,,,,,,,,
InterestPaid,,,106749.000,,-49826.000,,,,-32779.000,,,,17794.000,,,,7431.000,,,,10690.000
InvestmentIncomeInterest,,,,,,,,,,,,,,,12621.000,,9455.000,3324.000,8144.000,5770.000,17900.000
IssuanceOfStockAndWarrantsForServicesOrClaims,,,,,,,,,,,,,526916.000,,,,38925.000,,,,0.000
LeaseAndRentalExpense,,,,,,,,,,,,,,,,,123814.000,,,,110369.000
NetCashProvidedByUsedInFinancingActivities,,,-255312.000,,752047.000,,,,1383882.000,,,,25573516.000,,,,-8479.000,,,,0.000
NetCashProvidedByUsedInFinancingActivitiesContinuingOperations,,,-255312.000,,752047.000,,,,1383882.000,,,,25573516.000,,,,-8479.000,,,,0.000
NetCashProvidedByUsedInInvestingActivities,,,-45031.000,,-27172.000,,,,-348899.000,,,,-26219.000,,,,-442149.000,,,,-305089.000
NetCashProvidedByUsedInInvestingActivitiesContinuingOperations,,,-45031.000,,-27172.000,,,,-348899.000,,,,-26219.000,,,,-442149.000,,,,-305089.000
NetCashProvidedByUsedInOperatingActivities,,,294219.000,,-259003.000,,,,-1073311.000,,,,-2747955.000,,,,-3212575.000,,,,-3833199.000
NetCashProvidedByUsedInOperatingActivitiesContinuingOperations,,,294219.000,,-259003.000,,,,-1073311.000,,,,-2747955.000,,,,-3212575.000,,,,-3833199.000
NetIncomeLoss,-927539.000,-920553.000,-844483.000,-1181079.000,-936298.000,-1656736.000,-1856700.000,-5696494.000,1511906.000,239110.000,-3301321.000,-6318553.000,-5090852.000,-2402327.000,-2424971.000,-3509328.000,-3775739.000,-4103490.000,-5035861.000,-6334992.000,-4181812.000
NetIncomeLossAvailableToCommonStockholdersBasic,,,,,,,,,,,,,-5449791.000,-2778872.000,-2811348.000,-3901548.000,-4169563.000,-4503205.000,-5446014.000,-6751348.000,-4595276.000
NonoperatingIncomeExpense,-302516.000,-297275.000,-369389.000,-128040.000,-216927.000,-545624.000,-636394.000,-4094726.000,2505056.000,1164410.000,-2032470.000,-4473522.000,-1402386.000,-258046.000,-127968.000,-297622.000,-79886.000,-273733.000,-310772.000,-49931.000,-155604.000
OperatingExpenses,1699731.000,1700453.000,1571657.000,1181107.000,1107472.000,,,,1341319.000,,,,3866799.000,,,,3456715.000,,,,4174968.000
OperatingIncomeLoss,-623067.000,-617424.000,-458092.000,-982262.000,-705675.000,-1107871.000,-1196018.000,-1642993.000,-993150.000,-925300.000,-1268851.000,-1845031.000,-3688466.000,-2144281.000,-2297003.000,-3211706.000,-3695853.000,-3829757.000,-4725089.000,-6285061.000,-4026208.000
OtherNonoperatingIncomeExpense,295.000,221.000,48.000,0.000,0.000,0.000,0.000,0.000,,,,,,,,,,,,,
PaymentsOfDebtIssuanceCosts,,,,,,,,,,,,,221669.000,,,,0.000,,,,
PaymentsOfFinancingCosts,,,,,160439.000,,,,0.000,,,,,,,,,,,,
PaymentsToAcquireIntangibleAssets,,,7995.000,,18121.000,,,,11305.000,,,,7909.000,,,,30709.000,,,,42315.000
PaymentsToAcquirePropertyPlantAndEquipment,,,37036.000,,9051.000,,,,57009.000,,,,18310.000,,,,411440.000,,,,262774.000
PaymentsToAcquireSoftware,,,,,,,,,280585.000,,,,0.000,,,,,,,,
PreferredStockDividendsAndOtherAdjustments,,,,,,,,,,,,,358939.000,376545.000,386377.000,392220.000,393824.000,399715.000,410153.000,416356.000,413464.000
ProceedsFromIssuanceOfPreferredStockAndPreferenceStock,,,,,,,,,,,,,24813000.000,,,,0.000,,,,
ProceedsFromIssuanceOfSeniorLongTermDebt,,,,,800000.000,,,,0.000,,,,,,,,,,,,
ProceedsFromNotesPayable,,,,,250304.000,,,,0.000,,,,,,,,,,,,
ProceedsFromRepaymentsOfLinesOfCredit,,,-230000.000,,0.000,,,,,,,,-112500.000,,,,0.000,,,,
ProceedsFromStockOptionsExercised,,,,,0.000,,,,0.000,,,,,,,,,,,,
ProceedsFromWarrantExercises,,,,,,,,,1447425.000,,,,1200751.000,,,,0.000,,,,
ProductWarrantyAccrualPayments,,,,,41042.000,38374.000,11783.000,-16912.000,26672.000,,,,21948.000,,,,5673.000,,,,24188.000
ProductWarrantyAccrualWarrantiesIssued,,,,,12507.000,17529.000,12476.000,-30394.000,24346.000,,,,27947.000,,,,10918.000,,,,37648.000
RepaymentsOfLongTermCapitalLeaseObligations,,,21277.000,,18371.000,,,,8042.000,,,,5253.000,,,,0.000,,,,
RepaymentsOfLongTermDebt,,,,,119447.000,,,,55501.000,,,,100813.000,,,,8479.000,,,,0.000
RepaymentsOfNotesPayable,,,4035.000,,,,,,,,,,,,,,,,,,
ResearchAndDevelopmentExpense,534728.000,511277.000,411259.000,267230.000,317695.000,421026.000,470302.000,542374.000,397422.000,295552.000,484510.000,575076.000,514707.000,732491.000,944426.000,1403813.000,1274713.000,1669043.000,2177957.000,1826165.000,1668956.000
Revenues,2328649.000,2843288.000,2851392.000,756495.000,739184.000,700195.000,338816.000,610858.000,798418.000,723258.000,664586.000,845814.000,809155.000,427812.000,970379.000,542638.000,363839.000,560877.000,582549.000,620113.000,1210663.000
SalesRevenueGoodsNet,1712784.000,2432892.000,2301278.000,566495.000,608661.000,511861.000,301076.000,435208.000,649418.000,609887.000,624586.000,590668.000,695574.000,427812.000,890629.000,530138.000,363839.000,421377.000,582549.000,620113.000,959383.000
SalesRevenueNet,2328649.000,2843288.000,2851392.000,756495.000,739184.000,700195.000,338816.000,610858.000,798418.000,723258.000,664586.000,845814.000,809155.000,427812.000,970379.000,542638.000,363839.000,560877.000,582549.000,620113.000,1210663.000
SalesRevenueServicesNet,615865.000,410396.000,550114.000,190000.000,130523.000,188334.000,37740.000,175650.000,149000.000,113371.000,40000.000,255146.000,113581.000,0.000,79750.000,12500.000,0.000,139500.000,0.000,0.000,251280.000
SellingAndMarketingExpense,406458.000,414253.000,452712.000,282011.000,274743.000,287741.000,193650.000,335380.000,364555.000,256767.000,336099.000,275099.000,357547.000,345262.000,469443.000,625789.000,1126499.000,651547.000,839497.000,777037.000,1030999.000
ShareBasedCompensation,,,57397.000,32782.000,19347.000,,,,19347.000,,,,113084.000,,,,173816.000,,,,210074.000
ShareBasedCompensationArrangementByShareBasedPaymentAwardFairValueAssumptionsExpectedDividendPayments,,,,,,,,,,,,,,,,,0.000,,,,
ShareBasedCompensationArrangementByShareBasedPaymentAwardFairValueAssumptionsExpectedDividendRate,,,,,,,,,,,,,,,,,,,,,0.000
ShareBasedCompensationArrangementByShareBasedPaymentAwardFairValueAssumptionsExpectedVolatilityRate,,,,,,,,,,,,,,,,,1.097,,,,
ShareBasedCompensationArrangementByShareBasedPaymentAwardFairValueAssumptionsRiskFreeInterestRate,,,,,,,,,,,,,,,,,0.017,,,,
ShareBasedCompensationArrangementByShareBasedPaymentAwardOptionsForfeituresInPeriod,,,,,0.000,,,,0.000,,,,0.000,,,,,,,,
ShareBasedCompensationArrangementByShareBasedPaymentAwardOptionsGrantsInPeriod,,,,,0.000,,,,0.000,,,,0.000,,,,,,,,
ShareBasedCompensationArrangementsByShareBasedPaymentAwardOptionsExercisesInPeriodWeightedAverageExercisePrice,,,,,0.000,,,,0.000,,,,0.000,,,,,,,,
ShareBasedCompensationArrangementsByShareBasedPaymentAwardOptionsForfeituresInPeriodWeightedAverageExercisePrice,,,,,0.000,,,,0.000,,,,0.000,,,,,,,,
ShareBasedCompensationArrangementsByShareBasedPaymentAwardOptionsGrantsInPeriodWeightedAverageExercisePrice,,,,,0.000,,,,0.000,,,,0.000,,,,,,,,
StockGrantedDuringPeriodValueSharebasedCompensationGross,,,,,,,,,,,,,,,,,37555.000,,,,
StockIssuedDuringPeriodSharesStockOptionsExercised,,,,,0.000,,,,0.000,,,,0.000,,,,,,1000.000,,
StockIssuedDuringPeriodValueConversionOfConvertibleSecurities,,,,,,,,,,,,,337500.000,,,,22500.000,,,,1197341.000
StockIssuedDuringPeriodValueIssuedForServices,,,,,,,,,,,,,235500.000,,,,38925.000,,,,
StockIssuedDuringPeriodValueNewIssues,,,,,,,,,,,,,1475000.000,,,,,,,,
TaxesOther,,,,,,,,,21442.000,25093.000,9747.000,27137.000,11774.000,2290.000,30443.000,9925.000,20721.000,13904.000,19124.000,-1478.000,10550.000
WeightedAverageNumberOfDilutedSharesOutstanding,,,,0.000,,0.000,0.000,,11517104.000,11226921.000,,,13561206.000,15934279.000,,,,,,,
WeightedAverageNumberOfShareOutstandingBasicAndDiluted,,,,,3536865.000,,,,,,10556420.000,,,,15934279.000,,16102374.000,16137419.000,17216374.000,-32547623.000,19714396.000
WeightedAverageNumberOfSharesOutstandingBasic,,,,265259348.000,,3536856.000,7191649.000,,9972105.000,10285453.000,,,13561206.000,15934279.000,,,,,,,
WriteOffOfDeferredDebtIssuanceCost,,,,,,,,,,,,,11453.000,,,,,,,,134192.000
