,2011-03-31,2011-06-30,2011-09-30,2011-12-31,2012-03-31,2012-06-30,2012-09-30,2012-12-31,2013-03-31,2013-06-30,2013-09-30,2013-12-31,2014-03-31,2014-06-30,2014-09-30,2014-12-31,2015-03-31,2015-06-30,2015-09-30,2015-12-31,2016-03-31,2016-06-30,2016-09-30,2016-12-31,2017-03-31
AccretionAmortizationOfDiscountsAndPremiumsInvestments,3241000.000,,,,5616000.000,,,,9180000.000,,,,7398000.000,,,,10603000.000,,,,3373000.000,,,,4257000.000
AdjustmentsToAdditionalPaidInCapitalConvertibleDebtWithConversionFeature,,,,,,,,,28118000.000,,,,,,,,,,,,,,,,
AdjustmentsToAdditionalPaidInCapitalEquityComponentOfConvertibleDebt,,,,,,,,,,,,,,,,,-15669000.000,,,,,,,,
AdjustmentsToAdditionalPaidInCapitalSharebasedCompensationRequisiteServicePeriodRecognitionValue,3884000.000,,0.000,,3765000.000,,,,4656000.000,,,,7207000.000,,,,,,,,,,,,
AdjustmentsToAdditionalPaidInCapitalStockIssuedIssuanceCosts,,,,,,,,,0.000,600000.000,300000.000,490000.000,,,,,,,,,,,,,12000.000
AllocatedShareBasedCompensationExpense,,,,,,,,,,,,,,,,,,,,,400000.000,,,,
AllowanceForLoanAndLeaseLossesPeriodIncreaseDecrease,,,,,,,,,,,,,,,,,317000.000,,,,-761000.000,,,,-305000.000
AllowanceForLoanAndLeaseLossesProvisionForLossGross,,,,,,,,,30000.000,,,,,,,,,,,,,,,,
AmortizationOfDebtDiscountPremium,-216000.000,,,,-221000.000,,,,-374000.000,,,,2988000.000,,,,5363000.000,,,,,,,,6093000.000
AmortizationOfDeferredCharges,394000.000,,,,1132000.000,,,,3193000.000,,,,2895000.000,,,,3510000.000,,,,,,,,
AmortizationOfFinancingCosts,,1000000.000,1000000.000,,1100000.000,1300000.000,1500000.000,1800000.000,3200000.000,1800000.000,2100000.000,,,,,,,,,,,,,,
AmortizationOfFinancingCostsAndDiscounts,-4697000.000,,,,-21622000.000,,,,-7856000.000,,,,,,,,,,,,,,,,
AmortizationOfIntangibleAssets,,,,,,,,,,,,,,,,,,,,,11679000.000,,,,7716000.000
AvailableforsaleSecuritiesGrossRealizedGainLossExcludingOtherThanTemporaryImpairments,6163000.000,,,,46000.000,,,,13157000.000,,,,,,,,,,,,,,,,
AvailableforsaleSecuritiesTransfersToTradingGainsLossesExcludingOtherThanTemporaryImpairments,,,,,,,,,405000.000,,,,,,,,,,,,,,,,
BusinessCombinationAcquisitionRelatedCosts,,,,,,,,,4391000.000,12982000.000,342000.000,243000.000,,,,,,,,,,,,,
CashAndCashEquivalentsPeriodIncreaseDecrease,-104162000.000,,,,,,,,,,,,,,,,,,,,,,,,
CommonStockDividendsPerShareCashPaid,,,,,0.440,,,,0.440,,,,0.480,,,,,,,,,,,,
CommonStockDividendsPerShareDeclared,0.420,0.440,0.440,,0.440,0.440,0.440,,0.440,0.460,0.460,,0.480,0.480,0.480,0.480,0.480,0.480,0.480,0.480,0.480,0.480,0.480,0.480,0.480
ComprehensiveIncomeNetOfTax,26280000.000,34817000.000,-466000.000,46545000.000,65020000.000,45914000.000,100108000.000,73826000.000,53112000.000,52022000.000,98717000.000,96953000.000,125267000.000,112715000.000,159763000.000,77723000.000,103829000.000,123687000.000,110344000.000,86670000.000,30385000.000,110643000.000,113387000.000,117180000.000,106287000.000
ComprehensiveIncomeNetOfTaxAttributableToNoncontrollingInterest,25000.000,52000.000,25000.000,-10000.000,129000.000,129000.000,130000.000,2099000.000,1181000.000,1057000.000,1886000.000,1176000.000,280000.000,2514000.000,2346000.000,377000.000,416000.000,492000.000,381000.000,197000.000,389000.000,598000.000,47000.000,1431000.000,496000.000
ComprehensiveIncomeNetOfTaxIncludingPortionAttributableToNoncontrollingInterest,26305000.000,34869000.000,-441000.000,46535000.000,65149000.000,46043000.000,100238000.000,75925000.000,54293000.000,53079000.000,100603000.000,98129000.000,125547000.000,115229000.000,162109000.000,78100000.000,104245000.000,124179000.000,110725000.000,86867000.000,30774000.000,111241000.000,113434000.000,118611000.000,106783000.000
CostsAndExpenses,,,,,,,,,,110484000.000,123307000.000,,118969000.000,117686000.000,120374000.000,126980000.000,121427000.000,132591000.000,128067000.000,154194000.000,146320000.000,156653000.000,175331000.000,172095000.000,164903000.000
CurrentFederalTaxExpenseBenefit,,,,,,,,,,9481000.000,11465000.000,,5140000.000,5484000.000,10044000.000,8009000.000,11506000.000,4245000.000,6074000.000,-6730000.000,,,,,
CurrentForeignTaxExpenseBenefit,,,,,,,,,,570000.000,1011000.000,,1449000.000,1782000.000,905000.000,1296000.000,1036000.000,1242000.000,1718000.000,2004000.000,,,,,
CurrentIncomeTaxExpenseBenefit,,,,,,,,,,11585000.000,14368000.000,,7459000.000,8195000.000,12990000.000,10411000.000,14497000.000,6157000.000,8801000.000,-5828000.000,,,,,
CurrentStateAndLocalTaxExpenseBenefit,,,,,,,,,,1534000.000,1892000.000,,870000.000,929000.000,2041000.000,1106000.000,1955000.000,670000.000,1009000.000,-1102000.000,,,,,
DebtInstrumentConvertibleInterestExpense,,,,,,,,,,,11400000.000,,,,,,,,,,,,,,
DeferredFederalIncomeTaxExpenseBenefit,,,,,,,,,,63000.000,59000.000,,-704000.000,-2344000.000,-7390000.000,463000.000,1959000.000,-1344000.000,-689000.000,-3725000.000,,,,,
DeferredForeignIncomeTaxExpenseBenefit,,,,,,,,,,-465000.000,-716000.000,,-1006000.000,-1192000.000,-539000.000,-663000.000,-789000.000,-834000.000,-322000.000,-28000.000,,,,,
DeferredIncomeTaxExpenseBenefit,,,,,,,,,,-392000.000,-647000.000,,-1839000.000,-3918000.000,-9154000.000,-48000.000,1454000.000,-2365000.000,-1126000.000,-4384000.000,,,,,
DeferredStateAndLocalIncomeTaxExpenseBenefit,,,,,,,,,,10000.000,10000.000,,-129000.000,-382000.000,-1225000.000,152000.000,284000.000,-187000.000,-115000.000,-631000.000,,,,,
Depreciation,,,,,,,,,713000.000,,,,,,,,,,,,,,,,
DepreciationAndAmortization,,,,,,,,,,2943000.000,4988000.000,,4636000.000,5154000.000,3017000.000,3820000.000,4085000.000,5828000.000,7234000.000,11863000.000,18760000.000,19073000.000,15352000.000,13601000.000,22228000.000
DilutiveSecurities,,,,,,,,,,,,,366000.000,128000.000,653000.000,-229000.000,106000.000,15000.000,18000.000,,,,,,
DirectCostsOfLeasedAndRentedPropertyOrEquipment,,,,,,,,,,,,,,,,,,1211000.000,2352000.000,,12655000.000,15852000.000,18011000.000,18583000.000,20878000.000
DiscontinuedOperationTaxEffectOfDiscontinuedOperation,,,,,,,,,,,,,0.000,0.000,0.000,,,,,,,,,,
DividendsCommonStock,30539000.000,,,,41439000.000,,,,60147000.000,,,,95424000.000,,,,108435000.000,,,,114572000.000,,,,125479000.000
EarningsPerShareBasic,0.440,0.400,0.160,0.380,0.530,0.400,0.430,0.400,0.460,0.380,0.520,0.460,0.610,0.530,0.730,0.410,0.530,0.490,0.490,0.410,0.110,0.470,0.440,0.500,0.390
EarningsPerShareDiluted,0.430,0.390,0.150,0.410,0.530,0.400,0.430,0.400,0.460,0.380,0.520,0.460,0.600,0.520,0.730,0.390,0.520,0.490,0.490,0.410,0.110,0.470,0.440,0.480,0.390
EffectOfExchangeRateOnCashAndCashEquivalentsContinuingOperations,,,,,,,,,,,,,57000.000,,,,-5480000.000,,,,1044000.000,,,,179000.000
EffectiveIncomeTaxRateContinuingOperations,,,,,,,,,,0.151,0.130,,0.044,0.034,0.022,-0.054,0.117,0.031,0.062,-0.173,0.003,0.006,0.025,-0.012,-0.010
EffectiveIncomeTaxRateReconciliationAtFederalStatutoryIncomeTaxRate,,,,,0.340,,,,0.340,0.350,0.350,-0.690,0.350,0.350,0.350,-0.700,0.350,0.350,0.350,-0.700,0.350,0.350,0.350,-0.700,0.350
EffectiveIncomeTaxRateReconciliationChangeInDeferredTaxAssetsValuationAllowance,,,,,,,,,,,,,0.012,-0.009,0.004,-0.004,0.009,0.013,-0.002,-0.019,,,,,
EffectiveIncomeTaxRateReconciliationDeductions,,,,,,,,,,0.007,,,,,0.002,,0.005,0.001,0.003,-0.008,-0.001,0.001,0.001,0.001,
EffectiveIncomeTaxRateReconciliationOtherAdjustments,,,,,,,,,,0.003,0.004,,-0.001,0.002,-0.026,0.021,0.004,0.001,-0.001,-0.005,-0.014,0.003,0.001,0.015,-0.001
EffectiveIncomeTaxRateReconciliationStateAndLocalIncomeTaxes,,,,,0.075,,,,0.075,0.021,0.018,-0.103,0.004,0.006,0.005,-0.009,0.015,0.001,0.008,-0.020,-0.004,0.001,0.002,0.005,-0.001
EffectiveIncomeTaxRateReconciliationTaxExemptIncome,,,,,,,,,,,,,,,,,0.256,0.333,0.290,-0.563,0.330,0.347,0.327,-0.677,0.358
EquityMethodInvestmentDividendsOrDistributions,,,,,,,,,,,,,956000.000,,,,7030000.000,,,,5729000.000,,,,2643000.000
FairValueOfAssetsAcquired,,,,,,,,,,,,,,,,,,,,,221125000.000,,,,
FeesAndCommissionsMortgageBankingAndServicing,,,,,,,,,,39135000.000,36509000.000,,34211000.000,32681000.000,34641000.000,34032000.000,28257000.000,30154000.000,32528000.000,26129000.000,24691000.000,23312000.000,22918000.000,18035000.000,14102000.000
FiniteLivedIntangibleAssetsPurchaseAccountingAdjustments,,,,,,,,,,,,,,,,,,,,,,,,,802000.000
FiniteLivedIntangibleAssetsTranslationAdjustments,,,,,,,,,,,,,,,,,,,,,2396000.000,,,,555000.000
ForeignCurrencyTransactionGainLossBeforeTax,,,,,,,,,,,,,1477000.000,3777000.000,-21466000.000,-13730000.000,-30307000.000,20854000.000,-17782000.000,-9986000.000,-378000.000,-16988000.000,-3214000.000,-13387000.000,4864000.000
ForeignCurrencyTransactionGainLossRealized,-30000.000,28000.000,-61000.000,-839000.000,8834000.000,18000.000,-337000.000,56000.000,-239000.000,1580000.000,9580000.000,,,,,,,,,,,,,,
ForeignCurrencyTransactionGainLossUnrealized,3984000.000,1174000.000,-9403000.000,-2273000.000,-1025000.000,-3330000.000,7062000.000,3842000.000,-7427000.000,,,,,,,,,,,,,,,,
GainLossOnDerivativeInstrumentsNetPretax,,,,,,,,,,6158000.000,-22451000.000,,-7866000.000,-9790000.000,29275000.000,8832000.000,24623000.000,-19530000.000,2230000.000,14275000.000,-24718000.000,20253000.000,-2328000.000,77527000.000,-4349000.000
GainLossOnForeignCurrencyDerivativeInstrumentsNotDesignatedAsHedgingInstruments,,,,,-6257000.000,3375000.000,-7510000.000,-4788000.000,72000.000,,,,,,,,,,,,,,,,
GainLossOnForeignCurrencyDerivativesRecordedInEarningsNet,,,,,,,,,16078000.000,,,,,,,,,,,,,,,,
GainLossOnForeignCurrencyFairValueHedgeDerivatives,-3916000.000,-2113000.000,,,,,,,,,,,,,,,,,,,,,,,
GainLossOnInterestRateDerivativeInstrumentsNotDesignatedAsHedgingInstruments,,,,,566000.000,93000.000,-51000.000,415000.000,150000.000,,,,,,,,,,,,,,,,
GainLossOnSaleOfDerivatives,-238000.000,,,,,,,,,,,,,,,,,,,,,,,,
GainLossOnSaleOfLoansAndLeases,1914000.000,,,,7287000.000,,,,,,,,,,,,,,,,,,,,
GainLossOnSaleOfOtherInvestments,27000.000,,,,,,,,1107000.000,,,,,,,,,,,,,,,,
GainLossOnSaleOfProperties,,,,,,,,,335000.000,,,,,,,,,,,,,,,,
GainOnSaleOfInvestments,8104000.000,7771000.000,4961000.000,158000.000,7333000.000,2797000.000,9017000.000,6385000.000,13859000.000,,,,,,,,,,,,,,,,
GainsLossesOnExtinguishmentOfDebt,,,,,,,,,,,,,,,,,-5292000.000,-629000.000,,,,,,,-5916000.000
GeneralAndAdministrativeExpense,2192000.000,2760000.000,2177000.000,2321000.000,3023000.000,2731000.000,3084000.000,3278000.000,4286000.000,45329000.000,48335000.000,53633000.000,46101000.000,43094000.000,47640000.000,32826000.000,35264000.000,41404000.000,38693000.000,39267000.000,32798000.000,35409000.000,51470000.000,33264000.000,30429000.000
HeldToMaturitySecuritiesUnrecognizedHoldingLosses,,,,,,,,,,,,,-1341000.000,,,,,,,,,,,,
ImpairmentOfIntangibleAssetsExcludingGoodwill,,,,,,,,,,,,,,,,,,,,,,,,,758000.000
ImpairmentOfInvestments,,1295000.000,892000.000,,656000.000,1396000.000,676000.000,1674000.000,42000.000,,,,1192000.000,800000.000,264000.000,-468000.000,,,,,-54000.000,,-711000.000,,
IncomeLossFromContinuingOperations,,,,,,,,,,,,,122152000.000,117868000.000,165044000.000,91508000.000,120363000.000,117148000.000,116735000.000,96451000.000,,,,,102358000.000
IncomeLossFromContinuingOperationsBeforeIncomeTaxesExtraordinaryItemsNoncontrollingInterest,,34135000.000,14040000.000,,50687000.000,44759000.000,50643000.000,58616000.000,64201000.000,74531000.000,105322000.000,90329000.000,128052000.000,124659000.000,171226000.000,102248000.000,136730000.000,121432000.000,124791000.000,86436000.000,27140000.000,112777000.000,108480000.000,127598000.000,101871000.000
IncomeLossFromContinuingOperationsIncludingPortionAttributableToNoncontrollingInterest,,,,,,,,,,,,,122432000.000,120382000.000,167390000.000,91885000.000,120779000.000,117640000.000,117116000.000,96648000.000,,,,,
IncomeLossFromContinuingOperationsPerBasicShare,,,,,,,,,,,,,0.620,0.530,0.730,0.410,0.530,0.490,0.490,0.410,,,,,
IncomeLossFromContinuingOperationsPerDilutedShare,,,,,,,,,,,,,0.610,0.520,0.730,0.390,0.520,0.490,0.490,0.410,,,,,
IncomeLossFromDiscontinuedOperationsNetOfTax,,,,,,,,,,,,,-1551000.000,,,,,,,,,,,,
IncomeLossFromDiscontinuedOperationsNetOfTaxAttributableToReportingEntity,,,,,,,,,,,,,-1551000.000,,,,,,,,,,,,
IncomeLossFromDiscontinuedOperationsNetOfTaxPerBasicShare,,,,,,,,,,,,,-0.010,,,,,,,,,,,,
IncomeLossFromDiscontinuedOperationsNetOfTaxPerDilutedShare,,,,,,,,,,,,,-0.010,,,,,,,,,,,,
IncomeLossFromEquityMethodInvestments,,,,,,,,,,5597000.000,4577000.000,,64000.000,9563000.000,3805000.000,6500000.000,6090000.000,8951000.000,5706000.000,5927000.000,4065000.000,4479000.000,4305000.000,8874000.000,2987000.000
IncomeTaxExpenseBenefit,,823000.000,-463000.000,,399000.000,140000.000,301000.000,183000.000,777000.000,11193000.000,13721000.000,-1638000.000,5620000.000,4277000.000,3836000.000,10363000.000,15951000.000,3792000.000,7675000.000,-10212000.000,94000.000,706000.000,2667000.000,4877000.000,-983000.000
IncomeTaxExpenseBenefitContinuingOperations,,,,,,,,,,11193000.000,13721000.000,,,,,,,,,,,,,,
IncomeTaxExpenseBenefitIntraperiodTaxAllocation,,,,,,,,,,,,,,,,,15951000.000,3792000.000,7675000.000,-10212000.000,,,,,
IncomeTaxReconciliationChangeInDeferredTaxAssetsValuationAllowance,,,,,,,,,,,,,1512000.000,-1100000.000,712000.000,191000.000,1255000.000,1618000.000,-221000.000,-2207000.000,,,,,
IncomeTaxReconciliationDeductions,,,,,,,,,,557000.000,666000.000,,158000.000,263000.000,326000.000,355000.000,700000.000,63000.000,328000.000,-461000.000,-33000.000,25000.000,86000.000,494000.000,
IncomeTaxReconciliationIncomeTaxExpenseBenefitAtFederalStatutoryIncomeTaxRate,,,,,,,,,,25938000.000,36933000.000,,44275000.000,43631000.000,59929000.000,35787000.000,47856000.000,42501000.000,43677000.000,30252000.000,9499000.000,39472000.000,37968000.000,44659000.000,35655000.000
IncomeTaxReconciliationOtherAdjustments,,,,,,,,,,228000.000,438000.000,,-77000.000,245000.000,-4430000.000,2119000.000,511000.000,67000.000,-140000.000,-619000.000,-379000.000,358000.000,79000.000,1801000.000,-123000.000
IncomeTaxReconciliationStateAndLocalIncomeTaxes,,,,,,,,,,1592000.000,1902000.000,,450000.000,753000.000,930000.000,1016000.000,2001000.000,179000.000,937000.000,-1317000.000,-95000.000,72000.000,247000.000,1410000.000,-139000.000
IncomeTaxReconciliationTaxExemptIncome,,,,,,,,,,,,,,,,,34972000.000,40510000.000,36250000.000,36782000.000,8964000.000,39171000.000,35541000.000,39533000.000,36425000.000
IncomeTaxesPaid,174000.000,,,,,,,,327000.000,,,,2725000.000,,,,2903000.000,,,,922000.000,,,,268000.000
IncreaseDecreaseInAccountsPayableAndAccruedLiabilities,-79000.000,,,,2000.000,,,,9848000.000,,,,-22574000.000,,,,,,,,,,,,
IncreaseDecreaseInAccountsPayableAndOtherOperatingLiabilities,,,,,,,,,,,,,,,,,-23282000.000,,,,-30593000.000,,,,-14686000.000
IncreaseDecreaseInAccruedInterestReceivableNet,2180000.000,,,,1870000.000,,,,-1802000.000,,,,-3063000.000,,,,17341000.000,,,,23350000.000,,,,19611000.000
IncreaseDecreaseInCashCollateralForBorrowedSecurities,112741000.000,,,,,,,,,,,,,,,,,,,,,,,,
IncreaseDecreaseInDueToRelatedParties,2159000.000,,,,5002000.000,,,,9307000.000,,,,11665000.000,,,,-13078000.000,,,,-16965000.000,,,,-11821000.000
IncreaseDecreaseInFairValueOfInterestRateFairValueHedgingInstruments,-1501000.000,,,,,,,,,,,,,,,,,,,,,,,,
IncreaseDecreaseInLoansHeldForSale,3187000.000,,,,,,,,,,,,,,,,,,,,,,,,
IncreaseDecreaseInOtherOperatingAssets,3114000.000,,,,-11388000.000,,,,-5839000.000,,,,20474000.000,,,,-1067000.000,,,,-8779000.000,,,,1855000.000
IncreaseDecreaseInOtherOperatingLiabilities,-4577000.000,,,,9995000.000,,,,26136000.000,,,,,,,,,,,,,,,,
IncreaseDecreaseInRestrictedCash,,,,,,,,,38040000.000,,,,-234000.000,,,,-5326000.000,,,,24930000.000,,,,
IncrementalCommonSharesAttributableToContingentlyIssuableShares,,,,,,,,,,,,,156000.000,85000.000,96000.000,67000.000,138000.000,95000.000,129000.000,162000.000,121000.000,70000.000,138000.000,144000.000,121000.000
IncrementalCommonSharesAttributableToConversionOfDebtSecurities,,,,,,,,,,,,,3196000.000,4056000.000,966000.000,-4786000.000,5353000.000,649000.000,,,,441000.000,3445000.000,,3220000.000
IncrementalCommonSharesAttributableToNonvestedSharesWithForfeitableDividends,,,,,,,,,,,,,,,,,,,,,82000.000,26000.000,79000.000,-92000.000,103000.000
IncrementalCommonSharesAttributableToShareBasedPaymentArrangements,,1347229.000,1175572.000,,800003.000,664359.000,478947.000,-757991.000,997918.000,,,,,,,,,,,,,,,,
InterestAndFeeIncomeLoansCommercial,,41047000.000,51879000.000,,69077000.000,53740000.000,56261000.000,72483000.000,67765000.000,74936000.000,94045000.000,107894000.000,104910000.000,105455000.000,110669000.000,113628000.000,118429000.000,118292000.000,120598000.000,120612000.000,117532000.000,122557000.000,121225000.000,105881000.000,111883000.000
InterestExpense,8144000.000,7041000.000,7321000.000,6276000.000,11852000.000,10463000.000,12030000.000,12780000.000,16987000.000,23948000.000,36743000.000,40671000.000,37831000.000,37695000.000,39739000.000,45839000.000,50534000.000,49799000.000,50688000.000,51529000.000,56520000.000,57635000.000,59082000.000,57562000.000,65860000.000
InterestIncomeExpenseNet,,,,,65900000.000,58421000.000,60816000.000,74718000.000,66206000.000,,,,,,,,,,,,,,,,
InterestIncomeMoneyMarketDeposits,144000.000,119000.000,63000.000,63000.000,49000.000,65000.000,66000.000,,,,,,,,,,,,,,,,,,
InterestIncomeSecuritiesMortgageBacked,6860000.000,7121000.000,6195000.000,5442000.000,8675000.000,15144000.000,16585000.000,15015000.000,15428000.000,18577000.000,17804000.000,22503000.000,29454000.000,27620000.000,28640000.000,26302000.000,27744000.000,23810000.000,24674000.000,17437000.000,19403000.000,15301000.000,19175000.000,16969000.000,15224000.000
InterestOnConvertibleDebtNetOfTax,,,,,,,,,,,3000000.000,,,,,,,,,,,,,,
InterestPaid,7613000.000,,,,13143000.000,,,,10536000.000,,,,44638000.000,,,,48448000.000,,,,50254000.000,,,,51023000.000
InvestmentIncomeInterest,32717000.000,,,,,,,,,,,,,,,,,,,,,,,,
LaborAndRelatedExpense,,,,,15167000.000,12847000.000,14659000.000,14233000.000,14275000.000,,,,,,,,,,,,,,,,
LiabilitiesAssumed1,,,,,,,,,,,,,,,,,,,,,147486000.000,,,,
MarketableSecuritiesRealizedGainLossOtherThanTemporaryImpairmentsAmount,434000.000,,,,,,,,,,,,,,,,,,,,,,,,
MarketableSecuritiesUnrealizedGainLossExcludingOtherThanTemporaryImpairments,,,,,,,,,,-1392000.000,-2278000.000,,8361000.000,4959000.000,1860000.000,-103000.000,-499000.000,1446000.000,2617000.000,-480000.000,753000.000,1319000.000,-2786000.000,-687000.000,-1171000.000
MinorityInterestDecreaseFromDistributionsToNoncontrollingInterestHolders,851000.000,,,,191000.000,,,,44098000.000,,,,31787000.000,,,,359000.000,,,,582000.000,,,,1726000.000
MinorityInterestIncreaseFromStockIssuance,,,,,,,,,6000.000,,,,,,,,,,,,,,,,
MortgageLoansOnRealEstateAmortizationOfPremium,,,,,-21622000.000,-7702000.000,-5702000.000,-9627000.000,-7632000.000,,,,-1806000.000,,,,-10179000.000,,,,,,,,
MortgageLoansOnRealEstateCollectionsOfPrincipal,,,,,6211000.000,9070000.000,18237000.000,21705000.000,11241000.000,,,,353934000.000,,,,320379000.000,,,,195073000.000,,,,230931000.000
MortgageLoansOnRealEstateCostOfMortgagesSold,,,,,153627000.000,,-52000.000,,44631000.000,,,,448317000.000,,,,567033000.000,,,,354601000.000,,,,216431000.000
MortgageLoansOnRealEstateNewMortgageLoans,,,,,213688000.000,219657000.000,497253000.000,809357000.000,124664000.000,,,,981762000.000,,,,1063108000.000,,,,674712000.000,,,,1067021000.000
MortgageLoansOnRealEstateOtherAdditions,,,,,5184000.000,5563000.000,1349000.000,1323000.000,5153000.000,,,,,,,,,,,,,,,,
NetCashProvidedByUsedInContinuingOperations,,,,,18538000.000,,,,-4597000.000,,,,-91213000.000,,,,111013000.000,,,,-34640000.000,,,,
NetCashProvidedByUsedInFinancingActivities,194790000.000,,,,161471000.000,,,,191796000.000,,,,206933000.000,,,,322703000.000,,,,182910000.000,,,,93769000.000
NetCashProvidedByUsedInFinancingActivitiesContinuingOperations,194790000.000,,,,161471000.000,,,,191796000.000,,,,206933000.000,,,,322703000.000,,,,182910000.000,,,,93769000.000
NetCashProvidedByUsedInInvestingActivities,-252733000.000,,,,-317060000.000,,,,-281248000.000,,,,-402470000.000,,,,-325836000.000,,,,-348679000.000,,,,-286148000.000
NetCashProvidedByUsedInInvestingActivitiesContinuingOperations,-252733000.000,,,,-317060000.000,,,,-281248000.000,,,,-402470000.000,,,,-325836000.000,,,,-348679000.000,,,,-286148000.000
NetCashProvidedByUsedInOperatingActivities,-46219000.000,,,,174127000.000,,,,84855000.000,,,,104324000.000,,,,114146000.000,,,,131129000.000,,,,-196021000.000
NetCashProvidedByUsedInOperatingActivitiesContinuingOperations,-46219000.000,,,,174127000.000,,,,84855000.000,,,,104324000.000,,,,114146000.000,,,,131129000.000,,,,-196021000.000
NetIncomeLoss,31447000.000,32424000.000,,,,,,,,,,,120601000.000,117868000.000,165044000.000,91508000.000,120363000.000,117148000.000,116735000.000,96451000.000,26657000.000,111473000.000,105766000.000,121290000.000,102358000.000
NetIncomeLossAttributableToNoncontrollingInterest,278000.000,888000.000,25000.000,40000.000,129000.000,129000.000,130000.000,2099000.000,1181000.000,1057000.000,1886000.000,1176000.000,280000.000,2514000.000,2346000.000,377000.000,416000.000,492000.000,381000.000,197000.000,389000.000,598000.000,47000.000,1431000.000,496000.000
NetIncomeLossAttributableToParentDiluted,,,,,,,,,,,,,118858000.000,116503000.000,163305000.000,,119393000.000,115941000.000,115683000.000,,,,,,
NetIncomeLossAvailableToCommonStockholdersBasic,,,14478000.000,,50159000.000,44490000.000,50212000.000,56334000.000,62243000.000,62281000.000,89715000.000,90791000.000,,116501000.000,163302000.000,,119391000.000,115941000.000,115683000.000,96248000.000,,,,,
NoncontrollingInterestIncreaseFromSubsidiaryEquityIssuance,,,,,,,,,,,,,,,,,,,,,6584000.000,,,,
NoninterestIncomeOtherOperatingIncome,,,,,,,,,,1860000.000,2098000.000,,3404000.000,4994000.000,7418000.000,4816000.000,4419000.000,1390000.000,4300000.000,482000.000,1190000.000,979000.000,1645000.000,1094000.000,469000.000
NonoperatingIncomeExpense,,,,,,,,,,47978000.000,73093000.000,,75042000.000,71595000.000,110232000.000,50450000.000,79308000.000,75363000.000,60713000.000,54407000.000,-22033000.000,69438000.000,79106000.000,115216000.000,68054000.000
OperatingExpenses,11538000.000,12955000.000,13382000.000,13045000.000,19051000.000,16832000.000,18365000.000,21145000.000,23063000.000,,,,,,,,,,,,,,,,
OperatingIncomeLoss,19895000.000,28172000.000,37371000.000,,,,,,,26553000.000,32229000.000,,53010000.000,53064000.000,60994000.000,51798000.000,57422000.000,46069000.000,64078000.000,32029000.000,49173000.000,43339000.000,29374000.000,12382000.000,33817000.000
OperatingLeasesIncomeStatementLeaseRevenue,,,,,,,,,,2529000.000,5080000.000,,,,,,,5014000.000,10045000.000,,32677000.000,37843000.000,39742000.000,42498000.000,57042000.000
OtherComprehensiveIncomeDerivativesQualifyingAsHedgesNetOfTaxPeriodIncreaseDecrease,595000.000,-564000.000,-17000.000,191000.000,-252000.000,-960000.000,-411000.000,471000.000,,,,,,,,,,,,,,,,,
OtherComprehensiveIncomeLossAvailableForSaleSecuritiesAdjustmentNetOfTax,,,,,,,,,,,,,3498000.000,-9618000.000,3954000.000,-4210000.000,-7963000.000,-1857000.000,-9095000.000,-3968000.000,-3400000.000,5951000.000,6105000.000,-1034000.000,1846000.000
OtherComprehensiveIncomeLossBeforeReclassificationsNetOfTax,,,,,,,,,,,,,4778000.000,6386000.000,-5389000.000,-16641000.000,-11342000.000,6345000.000,-12547000.000,-9937000.000,3633000.000,-918000.000,7543000.000,-12960000.000,3985000.000
OtherComprehensiveIncomeLossDerivativesQualifyingAsHedgesNetOfTax,,,,,,,,,279000.000,1501000.000,-197000.000,384000.000,122000.000,-93000.000,530000.000,-52000.000,-263000.000,123000.000,-208000.000,380000.000,-273000.000,-48000.000,185000.000,175000.000,76000.000
OtherComprehensiveIncomeLossForeignCurrencyTransactionAndTranslationAdjustmentNetOfTax,,,,,,,,,-7061000.000,18000.000,10967000.000,5563000.000,1046000.000,4558000.000,-9765000.000,-9523000.000,-8308000.000,8273000.000,2912000.000,-6193000.000,7401000.000,-6733000.000,1331000.000,-3251000.000,2007000.000
OtherComprehensiveIncomeLossNetOfTax,,,,,,,,,-9131000.000,-10259000.000,9002000.000,6162000.000,4666000.000,-5153000.000,-5281000.000,-13785000.000,-16534000.000,6539000.000,-6391000.000,-9781000.000,3728000.000,-830000.000,7621000.000,-4110000.000,3929000.000
OtherComprehensiveIncomeLossNetOfTaxPeriodIncreaseDecrease,-5420000.000,,,,14861000.000,,,,,,,,,,,,,,,,,,,,
OtherComprehensiveIncomeLossNetOfTaxPortionAttributableToParent,,,,,,,,,-9131000.000,-10259000.000,9002000.000,6162000.000,4666000.000,-5153000.000,-5281000.000,-13785000.000,-16534000.000,6539000.000,-6391000.000,-9781000.000,3728000.000,-830000.000,7621000.000,-4110000.000,3929000.000
OtherComprehensiveIncomeReclassificationAdjustmentForSaleOfSecuritiesIncludedInNetIncomeNetOfTax,,4310000.000,,,,967000.000,-1736000.000,,,,,,,,,,,,,,,,,,
OtherComprehensiveIncomeReclassificationAdjustmentForSaleOfSecuritiesIncludedInNetIncomeTax,-5995000.000,,,,,,,,,,,,,,,,,,,,,,,,
OtherComprehensiveIncomeUnrealizedHoldingGainLossOnSecuritiesArisingDuringPeriodNetOfTax,-454000.000,5136000.000,-15819000.000,-111000.000,14457000.000,1955000.000,47895000.000,19070000.000,-2349000.000,-11778000.000,-1768000.000,,,,,,,,,,,,,,
OtherCostAndExpenseOperating,,,,,,,,,,196000.000,304000.000,,1689000.000,6026000.000,2701000.000,2741000.000,2073000.000,,3000.000,,100000.000,,,,758000.000
OtherNonoperatingIncome,-472000.000,,,,,,,,,,,,,,,,,,,,,,,,
OtherNonoperatingIncomeExpense,,663000.000,975000.000,,754000.000,1548000.000,621000.000,692000.000,-1726000.000,39000.000,3705000.000,7658000.000,18000.000,692000.000,28000.000,3094000.000,45000.000,10000.000,64000.000,1589000.000,2015000.000,8714000.000,269000.000,2512000.000,365000.000
OtherPaymentsToAcquireBusinesses,,,,,,,,,,,,,,,,,18178000.000,,,,,,,,
OtherThanTemporaryImpairmentCreditLossesRecognizedInEarningsPeriodIncreaseDecrease,,,,,,,,,,,-86000.000,,213000.000,,,,,,,,,,,,
OtherThanTemporaryImpairmentLossesInvestmentsPortionInOtherComprehensiveIncomeLossBeforeTaxIncludingPortionAttributableToNoncontrollingInterestAvailableforsaleSecurities,-434000.000,,,,,,,,485000.000,487000.000,-34000.000,124000.000,-979000.000,-3000.000,-264000.000,514000.000,,,,,54000.000,,,,
OtherThanTemporaryImpairmentLossesInvestmentsPortionInOtherComprehensiveIncomeLossTaxIncludingPortionAttributableToNoncontrollingInterest,,,,,,,,,,,-52000.000,,,,,,,,,,,,,,
OtherThanTemporaryImpairmentLossesInvestmentsPortionRecognizedInEarningsNet,,,,,,,,,,359000.000,52000.000,,213000.000,,,,,,,,,,,,
OtherThanTemporaryImpairmentLossesInvestmentsPortionRecognizedInEarningsNetAvailableforsaleSecurities,,,,,,,,,,,,,213000.000,797000.000,,,,,,,,,711000.000,,
PaymentsForDerivativeInstrumentInvestingActivities,,,,,-968000.000,,,,,,,,11274000.000,,,,6117000.000,,,,,,,,
PaymentsForHedgeInvestingActivities,,,,,,,,,,,,,,,,,,,,,12611000.000,,,,32700000.000
PaymentsForOriginationOfMortgageLoansHeldForSale,,,,,,,,,,,,,261733000.000,,,,413027000.000,,,,200433000.000,,,,445690000.000
PaymentsForRepurchaseOfCommonStock,,,,,,,,,,,,,,,,,,,,,19723000.000,,,,
PaymentsOfDividends,29081000.000,,,,41431000.000,,,,73796000.000,,,,90171000.000,,,,108189000.000,,,,114624000.000,,,,
PaymentsOfDividendsCommonStock,,,,,,,,,,,,,,,,,,,,,,,,,124506000.000
PaymentsOfFinancingCosts,177000.000,,,,2250000.000,,,,24000.000,,,,7418000.000,,,,1263000.000,,,,5969000.000,,,,5967000.000
PaymentsOfStockIssuanceCosts,,,,,,,,,,,,,,,,,,,,,,,,,647000.000
PaymentsToAcquireAvailableForSaleSecurities,,,,,,,,,,,23871000.000,,,,,,,,,,,,,,
PaymentsToAcquireBusinessesAndInterestInAffiliates,,,,,,,,,,,,,,,,,28041000.000,,,,11000.000,,,,
PaymentsToAcquireBusinessesNetOfCashAcquired,,,,,,,,,,,,,,,,,,,,,73639000.000,,,,
PaymentsToAcquireInvestments,287000.000,,,,,,,,,,,,9890000.000,,,,67247000.000,,,,84337000.000,,,,
PaymentsToAcquireLoansHeldForInvestment,292685000.000,,,,218872000.000,,,,129817000.000,,,,728594000.000,,,,649886000.000,,,,472237000.000,,,,621135000.000
PaymentsToAcquireMortgageBackedSecuritiesMBSCategorizedAsAvailableForSale,,,,,301772000.000,,,,,,,,,,,,,,,,,,,,
PaymentsToAcquireOtherInvestments,8726000.000,,,,99000.000,,,,104142000.000,,,,,,,,,,,,,,,,
PaymentsToAcquireOtherProductiveAssets,,,,,,,,,,,,,,,,,435000.000,,,,2846000.000,,,,2435000.000
PaymentsToMinorityShareholders,851000.000,,,,191000.000,,,,44098000.000,,,,31788000.000,,,,359000.000,,,,582000.000,,,,1726000.000
PaymentsToPurchaseLoansHeldForSale,110431000.000,,,,,,,,,,,,,,,,,,,,,,,,
ProceedsFromCollectionOfLoansReceivable,,,,,6211000.000,,,,11241000.000,,,,,,,,,,,,,,,,
ProceedsFromContributionsFromAffiliates,,,,,,,,,,,,,,,,,,,,,,,,,30956000.000
ProceedsFromConvertibleDebt,,,,,,,,,587700000.000,,,,,,,,,,,,,,,,
ProceedsFromDerivativeInstrumentInvestingActivities,,,,,,,,,,,,,799000.000,,,,6988000.000,,,,,,,,
ProceedsFromEquityMethodInvestmentDividendsOrDistributionsReturnOfCapital,,,,,,,,,,,,,17834000.000,,,,11296000.000,,,,914000.000,,,,3127000.000
ProceedsFromHedgeInvestingActivities,,,,,,,,,,,,,,,,,,,,,7910000.000,,,,17331000.000
ProceedsFromIssuanceOfCommonStock,,,,,,,,,,,,,,,,,55000.000,,,,82000.000,,,,183000.000
ProceedsFromIssuanceOfDebt,,,,,,,,,,,,,45761000.000,,,,,,,,,,,,
ProceedsFromIssuanceOfLongTermDebt,322927000.000,,,,383037000.000,,,,347521000.000,,,,997767000.000,,,,,,,,,,,,1205691000.000
ProceedsFromIssuanceOfRedeemablePreferredStock,,,,,,,,,-37175000.000,,,,,,,,,,,,,,,,
ProceedsFromIssuanceOfSecuredDebt,,,,,,,,,,,,,,,,,1320732000.000,,,,991192000.000,,,,
ProceedsFromLoanAndLeaseOriginationsAndPrincipalCollections1,,,,,,,,,,,,,316428000.000,,,,285741000.000,,,,192813000.000,,,,226039000.000
ProceedsFromMaturitiesPrepaymentsAndCallsOfMortgageBackedSecuritiesMBS,34033000.000,,,,20099000.000,,,,21726000.000,,,,,,,,,,,,,,,,
ProceedsFromMaturitiesPrepaymentsAndCallsOfOtherInvestments,,,,,147707000.000,,,,82410000.000,,,,,,,,,,,,,,,,
ProceedsFromMinorityShareholders,,,,,,,,,6000.000,,,,,,,,,,,,6584000.000,,,,
ProceedsFromSaleAndMaturityOfAvailableForSaleSecurities,,,,,,,,,,,-206972000.000,,,,,,,,,,,,,,
ProceedsFromSaleAndMaturityOfTradingSecuritiesHeldforinvestment,5753000.000,,,,,,,,,,,,,,,,,,,,,,,,
ProceedsFromSaleMaturityAndCollectionsOfInvestments,,,,,,,,,,,,,27883000.000,,,,,,,,,,,,
ProceedsFromSaleOfLoansHeldForInvestment,,,,,,,,,,,,,146400000.000,,,,85121000.000,,,,97882000.000,,,,37079000.000
ProceedsFromSaleOfLoansHeldForSale,56312000.000,,,,132128000.000,,,,,,,,302461000.000,,,,482009000.000,,,,256964000.000,,,,179296000.000
ProceedsFromSaleOfLoansReceivable,,,,,28786000.000,,,,44631000.000,,,,,,,,,,,,,,,,
ProceedsFromSaleOfMortgageBackedSecuritiesMBSCategorizedAsAvailableForSale,92669000.000,,,,46000.000,,,,12711000.000,,,,,,,,,,,,,,,,
ProceedsFromSaleOfOtherInvestments,2843000.000,,,,,,,,6769000.000,,,,,,,,,,,,,,,,
ProceedsFromSaleOfOtherRealEstate,,,,,,,,,3360000.000,,,,1784000.000,,,,33056000.000,,,,,,,,
ProceedsFromSaleOfTreasuryStock,112741000.000,,,,,,,,,,,,,,,,,,,,,,,,
ProceedsFromSecuritiesPurchasedUnderAgreementsToResell,,,,,,,,,206608000.000,,,,,,,,,,,,,,,,
ProceedsFromSecuritizationsOfLoansHeldForInvestment,,78400000.000,69700000.000,,40600000.000,,,,,,,,,,,,,38925000.000,,,,,,,
ProfitLoss,31725000.000,33312000.000,14503000.000,41068000.000,50288000.000,44619000.000,50342000.000,58433000.000,63424000.000,63338000.000,91601000.000,91967000.000,120881000.000,120382000.000,167390000.000,91885000.000,120779000.000,117640000.000,117116000.000,96648000.000,27046000.000,112071000.000,105813000.000,122721000.000,102854000.000
ProvisionForLoanAndLeaseLosses,,,,,,,,,,,,,497000.000,,,,317000.000,,,,-761000.000,,,,305000.000
ProvisionForLoanLossesExpensed,,,,,,,,,30000.000,725000.000,1160000.000,8000.000,497000.000,-139000.000,1575000.000,114000.000,317000.000,,,,,,,,
ReclassificationFromAccumulatedOtherComprehensiveIncomeCurrentPeriodNetOfTax,,,,,,,,,,,,,112000.000,11539000.000,-108000.000,-2856000.000,5192000.000,-194000.000,-6156000.000,-156000.000,-95000.000,-88000.000,-78000.000,-8850000.000,56000.000
RepaymentsOfDebt,,,,,,,,,,,,,53385000.000,,,,,,,,,,,,
RepaymentsOfLongTermDebt,98028000.000,,,,177694000.000,,,,625513000.000,,,,656573000.000,,,,847288000.000,,,,626462000.000,,,,957529000.000
RepaymentsOfSecuredDebt,,,,,,,,,,,,,,261000000.000,361500000.000,,344400000.000,400100000.000,,,,,,,
Revenues,31433000.000,41127000.000,50753000.000,,,,,,,137037000.000,155536000.000,,171979000.000,170750000.000,181368000.000,178778000.000,178849000.000,178660000.000,192145000.000,186223000.000,195493000.000,199992000.000,204705000.000,184477000.000,198720000.000
SalesRevenueNet,31433000.000,41127000.000,50753000.000,,,,,,,137037000.000,155536000.000,,171979000.000,170750000.000,181368000.000,178778000.000,178849000.000,178660000.000,192145000.000,186223000.000,195493000.000,199992000.000,204705000.000,184477000.000,198720000.000
ServicingAssetAtFairValuePeriodIncreaseDecrease,,,,,,,,,,-2898000.000,1867000.000,,5251000.000,5523000.000,7897000.000,-1884000.000,1542000.000,2652000.000,4217000.000,4194000.000,6739000.000,12191000.000,14283000.000,13936000.000,8433000.000
ShareBasedCompensation,3884000.000,,,,,,,,,,,,,,,,,,,,,,,,
ShareBasedCompensationArrangementByShareBasedPaymentAwardEquityInstrumentsOtherThanOptionsForfeitedInPeriod,,,,,,,,,,,,,,,,,1007.000,,,,15684.000,,,,12340.000
ShareBasedCompensationArrangementByShareBasedPaymentAwardEquityInstrumentsOtherThanOptionsForfeituresWeightedAverageGrantDateFairValue,,,,,,,,,,,,,,,,,24.110,,,,24.170,,,,23.320
ShareBasedCompensationArrangementByShareBasedPaymentAwardEquityInstrumentsOtherThanOptionsGrantsInPeriod,,,,,17500.000,,,,25000.000,,11228.000,,2637192.000,,,,123492.000,,,,343582.000,,,,1470469.000
ShareBasedCompensationArrangementByShareBasedPaymentAwardEquityInstrumentsOtherThanOptionsGrantsInPeriodWeightedAverageGrantDateFairValue,,,,,,,,,,,,,27.960,,,,24.170,,,,18.720,,,,22.250
ShareBasedCompensationArrangementByShareBasedPaymentAwardEquityInstrumentsOtherThanOptionsVestedInPeriod,,,,,178739.000,,,,167283.000,166549.000,175353.000,168216.000,301259.000,,,,300816.000,,,,503180.000,,,,234386.000
ShareBasedCompensationArrangementByShareBasedPaymentAwardEquityInstrumentsOtherThanOptionsVestedInPeriodWeightedAverageGrantDateFairValue,,,,,,,,,,,,,26.710,,,,26.730,,,,25.550,,,,21.560
ShareBasedGoodsAndNonemployeeServicesTransactionExpense,,3501000.000,2922000.000,,3649000.000,4180000.000,4097000.000,3788000.000,4508000.000,,,,,,,,,,,,,,,,
StockIssuedDuringPeriodValueDividendReinvestmentPlan,,,,,,,,,,,,,,,,,55000.000,,,,82000.000,,,,183000.000
StockIssuedDuringPeriodValueIssuedForServices,,,,,,,,,,,,,,,,,9445000.000,,,,10923000.000,,,,9547000.000
StockIssuedDuringPeriodValueShareBasedCompensation,,,,,,,,,366000.000,,,,3308000.000,,,,7491000.000,,,,7067000.000,,,,3159000.000
StockRepurchasedDuringPeriodShares,,,,,,,,,,,,,,,587900.000,,,,,,,,,,
StockRepurchasedDuringPeriodValue,,,,,,,,,,,,,,,13000000.000,,,,,,,,,,
StockholdersEquityNoteSpinoffTransaction,,,,,,,,,,,,,-1120337000.000,,,,,,,,,,,,
TreasuryStockAcquiredAverageCostPerShare,,,,,17.000,,,,,,,,,,,,,,,,,,,,
TreasuryStockSharesAcquired,,,,,,,,,,,,,,,,,,,1393223.000,,1052889.000,,0.000,,0.000
TreasuryStockValueAcquiredCostMethod,,,,,,,,,,,,,,,,,,,29100000.000,,19723000.000,,,,
UndistributedEarnings,,,,,,,,,,,,,118853000.000,,,,,,,,,,,,
UndistributedEarningsAllocatedToParticipatingSecurities,,,,,434000.000,352000.000,275000.000,544000.000,454000.000,369000.000,310000.000,446000.000,1748000.000,1367000.000,,,,,,,,,,,
UndistributedEarningsLossAllocatedToParticipatingSecuritiesBasic,,,,,,,,,,,,,,,1742000.000,,972000.000,1207000.000,1052000.000,203000.000,708000.000,580000.000,456000.000,309000.000,899000.000
UndistributedEarningsLossAllocatedToParticipatingSecuritiesDiluted,,,,,,,,,,,,,,,1742000.000,,104000.000,15000.000,18000.000,,,,,,
UnrealizedGainLossOnDerivatives,,,,,,,,,,,,,-7110000.000,,,,26724000.000,,,,-23557000.000,,,,-2900000.000
UnrealizedGainLossOnForeignCurrencyDerivativesNetBeforeTax,,,,,,,,,16006000.000,,,,,,,,,,,,,,,,
UnrealizedGainLossOnInterestRateCashFlowHedgesPretaxAccumulatedOtherComprehensiveIncomeLoss,,,,,,,,,240000.000,,,,,,,,,,,,,,,,
UnrealizedGainLossOnInvestments,,,,,-5760000.000,,,,,,,,,,,,,,,,,,,,
UnrealizedGainOnSecurities,,,,,,,,,405000.000,,,,,,,,,,,,,,,,
VariableInterestEntityActivityBetweenVIEAndEntityIncomeOrLossBeforeTax,,,,,,,,,,31949000.000,47963000.000,,56004000.000,47028000.000,87778000.000,21696000.000,47861000.000,55873000.000,49665000.000,32091000.000,-4167000.000,50707000.000,47848000.000,57205000.000,69170000.000
WeightedAverageNumberOfDilutedSharesOutstanding,72743362.000,83639365.000,94596978.000,-164570378.000,94227928.000,112183695.000,117381559.000,-209159999.000,136674212.000,163489322.000,172394882.000,-305235814.000,198876000.000,222892000.000,223543000.000,-426530000.000,229032000.000,235831000.000,237925000.000,-468646000.000,236759000.000,237597000.000,241091000.000,-473653000.000,262441000.000
WeightedAverageNumberOfSharesIssuedBasic,,,,,,,,,,,,,195524000.000,218751000.000,222481000.000,-421811000.000,223541000.000,235087000.000,237796000.000,-463005000.000,236556000.000,237060000.000,237429000.000,-472516000.000,258997000.000
WeightedAverageNumberOfSharesOutstandingBasic,71013358.000,82078525.000,93249249.000,-161366528.000,93166866.000,111291656.000,116673477.000,-207410929.000,135479543.000,162448117.000,171520231.000,-303092292.000,,,,,,,,,,,,,
