,2011-09-30,2012-03-31,2012-09-30,2013-03-31,2013-09-30,2014-03-31,2014-06-30,2014-09-30,2014-12-31,2015-03-31,2015-06-30,2015-09-30,2015-12-31,2016-03-31,2016-06-30,2016-09-30,2016-12-31,2017-03-31
CashAndCashEquivalentsPeriodIncreaseDecrease,,2619.000,,,,,,,,6866.000,,,,0.000,,,,
CashPeriodIncreaseDecrease,,,,,,,,,,,,,,,,,,0.000
ClosedBlockOperationsResultsBeforeIncomeTaxes,,,,,-45415.000,-123349.000,-52914.000,-61691.000,-90888.000,-35494.000,,-26674.000,,-11688.000,-55359.000,-64625.000,,
CostOfRevenue,,,,,,0.000,0.000,0.000,5270.000,,,,,0.000,0.000,0.000,,
CostsAndExpenses,,,,146053.000,39142.000,113972.000,46264.000,52179.000,83677.000,26990.000,,22151.000,,7756.000,49464.000,58635.000,,
DebtInstrumentConvertibleBeneficialConversionFeature,-126527.000,19939.000,-153983.000,,0.000,,,,,,,,,,,,,
Depreciation,94.000,4270.000,4270.000,6957.000,7934.000,7934.000,7757.000,7756.000,8290.000,7756.000,7757.000,10138.000,7757.000,7756.000,6866.000,7312.000,1782.000,0.000
EarningsPerShareBasic,-0.020,-0.000,-0.000,,,-0.000,-0.000,-0.000,0.000,0.000,,0.000,,0.000,0.000,0.000,,
EarningsPerShareBasicAndDiluted,,,,,0.000,,,,,,0.000,,,,,,,-0.000
GrossProfit,,,,5177.000,1220.000,0.000,0.000,0.000,964.000,,,,,0.000,0.000,0.000,,
IncomeLossFromContinuingOperations,,,,-140876.000,-37922.000,-113972.000,-46264.000,-52179.000,-82713.000,-26990.000,-45656.000,-22151.000,-24786.000,-7756.000,-49464.000,-58635.000,,
IncomeLossFromContinuingOperationsBeforeIncomeTaxesDomestic,,,,,,,,,,,-58416.000,,,,,,,-6532.000
IncomeLossFromContinuingOperationsBeforeIncomeTaxesExtraordinaryItemsNoncontrollingInterest,-1168056.000,-83791.000,-101469.000,,,,,,,,,,,,,,,
IncomeTaxesPaid,,,,,0.000,0.000,0.000,0.000,0.000,0.000,0.000,0.000,0.000,0.000,,,,0.000
IncomeTaxesPaidNet,,,,,,,,,,,,,,0.000,0.000,0.000,,
IncreaseDecreaseInAccountsPayable,,19149.000,,,,-94.000,,,,-7500.000,,,,-1841.000,,,,0.000
IncreaseDecreaseInAccountsPayableRelatedParties,,,,,,,,,,33600.000,,,,,,,,
IncreaseDecreaseInAccruedInterestReceivableNet,,,,,,9377.000,,,,8504.000,,,,5773.000,,,,
IncreaseDecreaseInAccruedLiabilities,,-2307.000,,,,0.000,,,,,,,,0.000,,,,
IncreaseDecreaseInDueToRelatedParties,,,,,,6000.000,,,,,,,,,,,,
IncreaseDecreaseInInterestPayableNet,,,,,,,,,,,,,,,,,,6532.000
IncreaseDecreaseInInventories,,,,,,0.000,,,,,,,,,,,,
IncreaseDecreaseInInventoryForLongTermContractsOrPrograms,,,,,,,,,,,,,,0.000,,,,
IncreaseDecreaseInPrepaidExpense,,1448.000,,,,0.000,,,,,,,,0.000,,,,
IncreaseDecreaseInSecurityDeposits,,-4500.000,,,,,,,,,,,,0.000,,,,
InterestExpense,8500.000,5278.000,5058.000,-6451.000,-7493.000,-9377.000,-6650.000,-9512.000,-8175.000,-8504.000,-3051.000,-9689.000,-4063.000,-5773.000,-5895.000,-5990.000,-5969.000,-6532.000
InterestExpenseRelatedParty,,,,,,,,,,,-9709.000,5166.000,,,,,,
InterestPaid,,,,0.000,,0.000,,,,0.000,,,,0.000,,,,0.000
IssuanceOfStockAndWarrantsForServicesOrClaims,,,,,,95000.000,,,,0.000,,,,,,,,
NetCashProvidedByUsedInFinancingActivities,,71246.000,,86000.000,,10073.000,,,,33600.000,,,,0.000,,,,
NetCashProvidedByUsedInFinancingActivitiesContinuingOperations,,71246.000,,86000.000,,10073.000,,,,33600.000,,,,0.000,,,,
NetCashProvidedByUsedInInvestingActivities,,,,-24183.000,,0.000,,,,0.000,,,,,,,,
NetCashProvidedByUsedInInvestingActivitiesContinuingOperations,,,,-24183.000,,0.000,,,,0.000,,,,,,,,
NetCashProvidedByUsedInOperatingActivities,,-68627.000,,-56088.000,,-11132.000,,,,-26734.000,,,,0.000,,,,0.000
NetCashProvidedByUsedInOperatingActivitiesContinuingOperations,,-68627.000,,-56088.000,,-11132.000,,,,-26734.000,,,,0.000,,,,0.000
NetIncomeLoss,,-83791.000,-255452.000,-147327.000,,-123349.000,-52914.000,-61691.000,-90888.000,-35494.000,-58416.000,-26674.000,1379.000,-11688.000,-55359.000,-64625.000,-28155.000,-6532.000
OperatingCostsAndExpenses,1159556.000,78513.000,98156.000,,,,,,,,,,,,,,,
OperatingExpenses,,,,,,,,,,,45656.000,,,,,,,0.000
OperatingIncomeLoss,-1159556.000,-78513.000,-98156.000,,,,,,,,,,,,,,,0.000
OtherIncome,,,,0.000,0.000,,,,,,,,,-3932.000,-5895.000,-5990.000,,
OtherNoncashIncomeExpense,,,,,,,,,,,-12760.000,,,,,,,
OtherNonoperatingIncome,,,1745.000,,,,,,,,,,,,,,,
ProceedsFromIssuanceOfCommonStock,,10000.000,,86000.000,,0.000,,,,,,,,,,,,
ProceedsFromNotesPayable,,60968.000,,0.000,,,,,,,,,,,,,,
ProceedsFromRelatedPartyDebt,,-2500.000,,,,,,,,33600.000,,,,,,,,
ProfitLoss,-1168056.000,,,,,,,,,,,,,,,,,
RepaymentsOfNotesPayable,,,,0.000,,,,,,,,,,,,,,
RepaymentsOfRelatedPartyDebt,,,,,,,,,,0.000,,,,,,,,
ResearchAndDevelopmentExpense,,,54128.000,0.000,,,0.000,0.000,,,,,,,,,,
Revenues,,,,19143.000,9932.000,0.000,0.000,0.000,6234.000,0.000,0.000,0.000,,-3932.000,-5895.000,-5990.000,,
SalesRevenueNet,,,,19143.000,9932.000,0.000,0.000,0.000,6234.000,0.000,0.000,0.000,,0.000,0.000,0.000,,
SellingGeneralAndAdministrativeExpense,1159462.000,74243.000,39758.000,139096.000,31208.000,106038.000,38507.000,44423.000,75387.000,19234.000,37899.000,12013.000,17029.000,0.000,42598.000,30775.000,-203.000,
StockIssuedDuringPeriodValueConversionOfUnits,,,,,,,,,,59524.000,,,,,,,,
StockIssuedDuringPeriodValueIssuedForServices,,,,,,,,,,0.000,,,,,,,,
WeightedAverageNumberOfShareOutstandingBasicAndDiluted,,,,,,,,,,,,,,,,,,118015124.000
WeightedAverageNumberOfSharesOutstandingBasic,63071739.000,68614144.000,71256053.000,76163900.000,77802080.000,82378517.000,87319357.000,87292163.000,-170815717.000,87162764.000,96367871.000,97115124.000,-184695470.000,97115124.000,97474465.000,117906428.000,,
