,2011-06-30,2011-09-30,2012-03-31,2012-06-30,2012-09-30,2012-12-31,2013-03-31,2013-06-30,2013-09-30,2013-12-31,2014-03-31,2014-06-30,2014-09-30,2014-12-31,2015-03-31,2015-06-30,2015-09-30,2015-12-31,2016-03-31,2016-06-30,2016-09-30,2016-12-31,2017-03-31
AllocatedShareBasedCompensationExpense,,,,,,,,,,,,,,,1200000.000,2100000.000,1100000.000,1100000.000,500000.000,700000.000,1000000.000,1300000.000,1000000.000
AmortizationOfDebtDiscountPremium,,,,,,,,,,,,,,,1268000.000,,,,1555000.000,,,,1608000.000
AmortizationOfFinancingCosts,,,,,,,,160000.000,160000.000,,160000.000,160000.000,,,,,,,,,,,
AmortizationOfIntangibleAssets,2465000.000,3573000.000,4869000.000,4869000.000,4869000.000,6804000.000,6921000.000,6091000.000,5984000.000,5662000.000,3125000.000,2934000.000,3029000.000,3074000.000,3070000.000,3062000.000,2944000.000,2373000.000,1467000.000,1467000.000,1528000.000,,1650000.000
AntidilutiveSecuritiesExcludedFromComputationOfEarningsPerShareAmount,,,,1116000.000,689000.000,,3890000.000,401000.000,748150.000,-4585150.000,0.000,,,,,,,,,,,,2126000.000
BusinessAcquisitionsProFormaNetIncomeLoss,,,,,,,,234000.000,314000.000,,,,,,,,,,,,,,
BusinessAcquisitionsProFormaRevenue,,,,,,,,70780000.000,77656000.000,,,,,,,,,,,,,,
CapitalExpendituresIncurredButNotYetPaid,,,,,,,,,,,,,,,,,6000000.000,,,,,,
CapitalizedComputerSoftwareAmortization,,,,,,,,,,,,300000.000,300000.000,,300000.000,300000.000,300000.000,200000.000,,,,,
CapitalizedComputerSoftwareAmortization1,,,,,,,,,,,,,,,,,,,0.000,,,,100000.000
CashAndCashEquivalentsPeriodIncreaseDecrease,,,-199000.000,,,,-2572000.000,,,,-2416000.000,,,,-23371000.000,,,,10627000.000,,,,77820000.000
CostOfGoodsSold,1584000.000,8628000.000,7970000.000,9109000.000,9232000.000,8054000.000,9402000.000,11697000.000,10891000.000,,,,,,,,,,,,,,
CostOfRevenue,31861000.000,38808000.000,36847000.000,37222000.000,37866000.000,47792000.000,53810000.000,52658000.000,49346000.000,43406000.000,42315000.000,50380000.000,52475000.000,50231000.000,49591000.000,52601000.000,55441000.000,54587000.000,50797000.000,49467000.000,48312000.000,48196000.000,47889000.000
CostOfServices,30277000.000,30180000.000,28877000.000,28113000.000,28634000.000,39738000.000,44408000.000,40961000.000,38455000.000,,,,,,,,,,,,,,
DeferredIncomeTaxExpenseBenefit,,,,,,,-721000.000,,,,-2276000.000,,,,0.000,,,,868000.000,,,,0.000
Depreciation,,,,1027000.000,1085000.000,,1345000.000,1494000.000,1471000.000,1699000.000,1600000.000,1900000.000,1800000.000,1895000.000,1900000.000,2000000.000,2200000.000,2300000.000,1600000.000,1900000.000,1500000.000,1400000.000,1400000.000
DepreciationDepletionAndAmortization,,,5897000.000,,,,8266000.000,,,,4679000.000,,,,5014000.000,,,,4038000.000,,,,3082000.000
DiscontinuedOperationGainLossOnDisposalOfDiscontinuedOperationNetOfTax,,,,,,,,,,,,,,,,,,,-17319000.000,-9136000.000,-1040000.000,-98000.000,0.000
DiscontinuedOperationIncomeLossFromDiscontinuedOperationBeforeIncomeTax,,,,,,,,,,,,,,,,,,,-17809000.000,-9136000.000,-1044000.000,-93000.000,0.000
DiscontinuedOperationIncomeLossFromDiscontinuedOperationNetOfTaxPerBasicShare,,,,,,,,,,,,,,,,,,,-0.440,-0.230,-0.030,0.010,0.000
DiscontinuedOperationIncomeLossFromDiscontinuedOperationNetOfTaxPerDilutedShare,,,,,,,,,,,,,,,,,,,-0.440,-0.230,-0.030,0.020,0.000
DiscontinuedOperationProvisionForLossGainOnDisposalBeforeIncomeTax,,,,,,,,,,,,,,,,,,,2275000.000,,,,0.000
DiscontinuedOperationTaxEffectOfDiscontinuedOperation,,,,,,,,,,,,,,,,,,,-490000.000,0.000,-4000.000,5000.000,0.000
EarningsPerShareBasic,0.000,0.000,0.010,0.010,0.010,0.010,-0.060,-0.060,-0.150,-0.020,-0.080,-0.050,-0.080,-0.130,-0.160,-0.920,-0.200,-0.230,-0.390,-0.240,0.060,-0.070,-0.080
EarningsPerShareDiluted,0.000,0.000,0.010,0.010,0.010,-0.000,-0.060,-0.060,-0.150,-0.020,-0.080,-0.050,-0.080,-0.130,-0.160,-0.920,-0.200,-0.230,-0.390,-0.240,0.060,-0.060,-0.080
EffectiveIncomeTaxRateContinuingOperations,,,,,,,,,,,,,,,,,,,,1.172,-1.152,,0.000
ExcessTaxBenefitFromShareBasedCompensationFinancingActivities,,,,,,,,,,,421000.000,,,,0.000,,,,,,,,
ExcessTaxBenefitFromShareBasedCompensationOperatingActivities,,,,,,,,,,,421000.000,,,,0.000,,,,,,,,
GainLossOnDispositionOfAssets1,,,,,,,,,,,,,,,,,,,3221000.000,,,,0.000
GoodwillAcquiredDuringPeriod,,,,,,,,,,,,,,,,,,,,,,,0.000
GoodwillImpairmentLoss,,,,,,,,,,,,,,,,,,,6980000.000,,,,0.000
GoodwillWrittenOffRelatedToSaleOfBusinessUnit,,,,,,,,,,,,,,,,,,,7233000.000,,,,0.000
GrossProfit,13037000.000,15149000.000,18929000.000,18933000.000,19487000.000,26444000.000,24062000.000,25600000.000,24427000.000,25423000.000,21492000.000,23849000.000,26494000.000,23294000.000,22043000.000,25786000.000,25657000.000,26104000.000,22845000.000,23879000.000,23799000.000,20732000.000,20367000.000
IncomeLossFromContinuingOperations,,,,,,,,,,,,,,,,,,,1909000.000,-436000.000,3504000.000,-3112000.000,-3884000.000
IncomeLossFromContinuingOperationsBeforeIncomeTaxesMinorityInterestAndIncomeLossFromEquityMethodInvestments,33000.000,15000.000,234000.000,525000.000,328000.000,-158000.000,-3798000.000,-3860000.000,-9547000.000,-2434000.000,-4745000.000,-2685000.000,-5943000.000,-7619000.000,-9773000.000,-6452000.000,-8107000.000,-12692000.000,3305000.000,2536000.000,1628000.000,-3147000.000,-3884000.000
IncomeLossFromContinuingOperationsPerBasicShare,,,,,,,,,,,,,,,,,,,0.050,-0.010,0.090,-0.080,-0.080
IncomeLossFromContinuingOperationsPerDilutedShare,,,,,,,,,,,,,,,,,,,0.050,-0.010,0.090,-0.080,-0.080
IncomeTaxExpenseBenefit,-16000.000,-90000.000,66000.000,200000.000,-13000.000,-339000.000,-1536000.000,-1500000.000,-4045000.000,-1924000.000,-1669000.000,-955000.000,-2921000.000,-2583000.000,-3671000.000,28815000.000,-103000.000,-3443000.000,1396000.000,2972000.000,-1876000.000,-35000.000,0.000
IncomeTaxesPaid,,,557000.000,,,,406000.000,,,,35000.000,,,,47000.000,,,,42000.000,,,,6000.000
IncreaseDecreaseInAccountsPayable,,,-717000.000,,,,1675000.000,,,,-711000.000,,,,-256000.000,,,,-737000.000,,,,-738000.000
IncreaseDecreaseInAccruedLiabilities,,,-822000.000,,,,-4154000.000,,,,-2289000.000,,,,-3830000.000,,,,1350000.000,,,,-923000.000
IncreaseDecreaseInIncomeTaxes,,,,,,,,,,,574000.000,,,,-3718000.000,,,,-4000.000,,,,
IncreaseDecreaseInIncomeTaxesReceivable,,,,,,,2900000.000,,,,,,,,,,,,,,,,
IncreaseDecreaseInInventories,,,886000.000,,,,-70000.000,,,,1635000.000,,,,1394000.000,,,,1158000.000,,,,1581000.000
IncreaseDecreaseInOtherOperatingCapitalNet,,,7000.000,,,,-37000.000,,,,34000.000,,,,-516000.000,,,,-201000.000,,,,60000.000
IncreaseDecreaseInPrepaidExpense,,,721000.000,,,,63000.000,,,,225000.000,,,,-416000.000,,,,951000.000,,,,345000.000
IncreaseDecreaseInReceivables,,,10430000.000,,,,947000.000,,,,-2130000.000,,,,-1752000.000,,,,-4493000.000,,,,1952000.000
IncrementalCommonSharesAttributableToCallOptionsAndWarrants,,,,7212000.000,7125000.000,,7950000.000,7892740.000,7695349.000,-16123089.000,7529888.000,7444396.000,7390772.000,-15114056.000,7198209.000,6777172.000,5358223.000,-14052604.000,4544000.000,2263858.000,1590788.000,,
InterestExpenseDebt,,,,456000.000,418000.000,,908000.000,909000.000,848000.000,,854000.000,1220000.000,,,,,,,,,,,
InterestPaid,,,449000.000,,,,980000.000,,,,618000.000,,,,1811000.000,,,,1926000.000,,,,1897000.000
NetCashProvidedByUsedInFinancingActivities,,,8103000.000,,,,7392000.000,,,,738000.000,,,,32000.000,,,,87000.000,,,,84614000.000
NetCashProvidedByUsedInFinancingActivitiesContinuingOperations,,,8103000.000,,,,7392000.000,,,,738000.000,,,,32000.000,,,,87000.000,,,,84614000.000
NetCashProvidedByUsedInInvestingActivities,,,-1431000.000,,,,-10106000.000,,,,-1494000.000,,,,-18258000.000,,,,9433000.000,,,,-2959000.000
NetCashProvidedByUsedInInvestingActivitiesContinuingOperations,,,-1431000.000,,,,-10106000.000,,,,-1494000.000,,,,-18258000.000,,,,9433000.000,,,,-2959000.000
NetCashProvidedByUsedInOperatingActivities,,,-6871000.000,,,,142000.000,,,,-1660000.000,,,,-5145000.000,,,,1107000.000,,,,-3835000.000
NetCashProvidedByUsedInOperatingActivitiesContinuingOperations,,,-6871000.000,,,,142000.000,,,,-1660000.000,,,,-5145000.000,,,,1107000.000,,,,-3835000.000
NetIncomeLoss,49000.000,105000.000,168000.000,325000.000,341000.000,181000.000,-2262000.000,-2360000.000,-5502000.000,-510000.000,-3076000.000,-1730000.000,-3022000.000,-5036000.000,-6102000.000,-35267000.000,-8004000.000,-9249000.000,-15410000.000,-9572000.000,2464000.000,-3210000.000,-3884000.000
NonoperatingIncomeExpense,-206000.000,-330000.000,-414000.000,-450000.000,-376000.000,-1024000.000,-706000.000,-868000.000,-7321000.000,-897000.000,-857000.000,-1198000.000,-4241000.000,-2508000.000,-2543000.000,-2550000.000,-2562000.000,-2603000.000,-1634000.000,-2531000.000,-2612000.000,-2609000.000,-2617000.000
OperatingExpenses,12798000.000,14804000.000,18281000.000,17958000.000,18783000.000,25578000.000,27154000.000,28592000.000,26653000.000,26960000.000,25380000.000,25336000.000,28196000.000,28405000.000,29273000.000,29688000.000,31202000.000,36193000.000,17906000.000,18812000.000,19559000.000,21270000.000,21634000.000
OperatingIncomeLoss,239000.000,345000.000,648000.000,975000.000,704000.000,866000.000,-3092000.000,-2992000.000,-2226000.000,-1537000.000,-3888000.000,-1487000.000,-1702000.000,-5111000.000,-7230000.000,-3902000.000,-5545000.000,-10089000.000,4939000.000,5067000.000,4240000.000,-538000.000,-1267000.000
OtherNoncashIncomeExpense,,,,,,,146000.000,,,,0.000,,,,,,,,,,,,
PaymentsForRepurchaseOfEquity,,,2948000.000,,,,0.000,,,,,,,,,,,,,,,,
PaymentsToAcquireBusinessesNetOfCashAcquired,,,0.000,,,,6725000.000,,,,0.000,,,,16328000.000,,,,0.000,,,,
PaymentsToAcquirePropertyPlantAndEquipment,,,1431000.000,,,,2108000.000,,,,1494000.000,,,,1930000.000,,,,1379000.000,,,,2959000.000
ProceedsFromIssuanceOfCommonStock,,,,,,,,,,,,,,,,,,,,,,,84586000.000
ProceedsFromRepaymentsOfLinesOfCredit,,,11000000.000,,,,8000000.000,,,,2000000.000,,,,0.000,,,,,,,,
ProceedsFromSaleOfOtherAssetsInvestingActivities,,,,,,,,,,,,,,,,,,,11000000.000,,,,0.000
ProceedsFromStockOptionsExercised,,,,,,,,,,,,,,,,,,,,,,,28000.000
ProceedsFromWarrantExercises,,,,,,,,,,,120000.000,,,,,,,,,,,,
RepaymentsOfDebt,,,,,,,1313000.000,,,,1750000.000,,,,0.000,,,,,,,,
ResearchAndDevelopmentExpense,,,,1629000.000,1688000.000,,1163000.000,1846000.000,2280000.000,2205000.000,3600000.000,4800000.000,5300000.000,4891000.000,5000000.000,4700000.000,4500000.000,4800000.000,900000.000,1200000.000,1200000.000,1300000.000,1100000.000
Revenues,44898000.000,53957000.000,55776000.000,56155000.000,57353000.000,74236000.000,77872000.000,78258000.000,73773000.000,,63807000.000,74229000.000,78969000.000,,71634000.000,78387000.000,81098000.000,,73642000.000,73346000.000,72111000.000,,68256000.000
SalesRevenueGoodsNet,2340000.000,13164000.000,15921000.000,17079000.000,17688000.000,21056000.000,19029000.000,22759000.000,21173000.000,,,,,,,,,,,,,,
SalesRevenueNet,44898000.000,53957000.000,55776000.000,56155000.000,57353000.000,74236000.000,77872000.000,78258000.000,73773000.000,,63807000.000,74229000.000,78969000.000,,71634000.000,78387000.000,81098000.000,,73642000.000,73346000.000,72111000.000,,68256000.000
SalesRevenueServicesNet,42558000.000,40793000.000,39855000.000,39076000.000,39665000.000,53180000.000,58843000.000,55499000.000,52600000.000,,,,,,,,,,,,,,
ShareBasedCompensation,,,647000.000,,,,1287000.000,,,,1624000.000,,,,1189000.000,,,,488000.000,,,,958000.000
ShareBasedCompensationArrangementByShareBasedPaymentAwardOptionsForfeituresInPeriod,,,,,,,110799.000,,,,40537.000,,,,47756.000,,,,215711.000,,,,11750.000
ShareBasedCompensationArrangementByShareBasedPaymentAwardOptionsGrantsInPeriod,,,,,,,332100.000,,,,643670.000,,,,0.000,,,,0.000,,,,0.000
ShareBasedCompensationArrangementsByShareBasedPaymentAwardOptionsExercisesInPeriodWeightedAverageExercisePrice,,,,,,,7.360,,,,8.140,,,,6.790,,,,5.390,,,,6.200
ShareBasedCompensationArrangementsByShareBasedPaymentAwardOptionsForfeituresInPeriodWeightedAverageExercisePrice,,,,,,,11.800,,,,12.400,,,,12.720,,,,12.870,,,,12.140
ShareBasedCompensationArrangementsByShareBasedPaymentAwardOptionsGrantsInPeriodWeightedAverageExercisePrice,,,,,,,11.570,,,,17.110,,,,0.000,,,,0.000,,,,0.000
StockIssuedDuringPeriodSharesStockOptionsExercised,,,,,,,95820.000,,,,459905.000,,,,4770.000,,,,16000.000,,,,4437.000
StockIssuedDuringPeriodValueAcquisitions,,,,,,,2027000.000,,,,,,,,1858000.000,,,,,,,,
StockIssuedDuringPeriodValueNewIssues,,,,,,,,,,,,,,,,,,,,,,,84586000.000
StockIssuedDuringPeriodValueRestrictedStockAwardForfeitures,,,0.000,,,,67000.000,,,,37000.000,,,,38000.000,,,,511000.000,,,,86000.000
StockIssuedDuringPeriodValueRestrictedStockAwardGross,,,,,,,543000.000,,,,771000.000,,,,688000.000,,,,832000.000,,,,523000.000
StockIssuedDuringPeriodValueRestrictedStockAwardNetOfForfeitures,,,210000.000,,,,,,,,,,,,,,,,,,,,
StockIssuedDuringPeriodValueShareBasedCompensation,,,437000.000,,,,812000.000,,,,890000.000,,,,539000.000,,,,167000.000,,,,521000.000
StockIssuedDuringPeriodValueStockOptionsExercised,,,51000.000,,,,705000.000,,,,368000.000,,,,32000.000,,,,87000.000,,,,28000.000
TreasuryStockValueAcquiredParValueMethod,,,2948000.000,,,,,,,,,,,,,,,,,,,,
WeightedAverageNumberDilutedSharesOutstandingAdjustment,,,,2800000.000,3473000.000,,0.000,0.000,0.000,0.000,0.000,0.000,0.000,0.000,0.000,0.000,0.000,0.000,50385.000,0.000,350173.000,110800.000,0.000
WeightedAverageNumberOfDilutedSharesOutstanding,29301790.000,29061409.000,27766772.000,28353011.000,29357193.000,-54324052.000,36378929.000,36612537.000,36708835.000,-73081382.000,37154579.000,37467264.000,37571677.000,-74750840.000,37632364.000,38243184.000,39144935.000,-76298143.000,39900388.000,40358981.000,41305545.000,-80552900.000,46561936.000
WeightedAverageNumberOfSharesOutstandingBasic,26058260.000,26169829.000,25811983.000,25553097.000,25883556.000,-49008691.000,36378929.000,36612537.000,36708835.000,-73081382.000,37154579.000,37467264.000,37571677.000,-74750840.000,37632364.000,38243184.000,39144935.000,-76298143.000,39850003.000,40358981.000,40955372.000,-80663700.000,46561936.000
WriteOffOfDeferredDebtIssuanceCost,,,,,,,,,,,,,,,,,,,340000.000,,,,0.000
