,2012-03-31,2012-06-30,2012-09-30,2012-12-31,2013-03-31,2013-06-30,2013-09-30,2013-12-31,2014-03-31,2014-06-30,2014-09-30,2014-12-31,2015-03-31,2015-06-30,2015-09-30,2015-12-31,2016-03-31,2016-06-30,2016-09-30,2016-12-31,2017-03-31
AdjustmentsNoncashItemsToReconcileNetIncomeLossToCashProvidedByUsedInOperatingActivities,52000.000,,,,,,,,,,,,,,,,,,,,
AdjustmentsRelatedToTaxWithholdingForShareBasedCompensation,6895000.000,,,,,,,,,,,,,,,,,,,,8174000.000
AdjustmentsToAdditionalPaidInCapitalSharebasedCompensationRequisiteServicePeriodRecognitionValue,24187000.000,,,,,,,,,,,,,,,,,,,,
AdjustmentsToAdditionalPaidInCapitalTaxEffectFromShareBasedCompensation,2881000.000,,,,,,,,,,,,,,,,,,,,
AllocatedShareBasedCompensationExpense,,,,,,,,,,,,,,38467000.000,35432000.000,,30551000.000,37378000.000,26150000.000,23242000.000,
AmortizationOfDebtDiscountPremium,,,,,,,,,,,,,,,,,,2396000.000,2458000.000,,2587000.000
AmortizationOfIntangibleAssets,,5500000.000,5600000.000,,5600000.000,5200000.000,5300000.000,5500000.000,12600000.000,11600000.000,11829000.000,11093000.000,5934000.000,3900000.000,5200000.000,4888000.000,4654000.000,4500000.000,4400000.000,5394000.000,5400000.000
AntidilutiveSecuritiesExcludedFromComputationOfEarningsPerShareAmount,,7909872.000,37997870.000,,43001070.000,49723011.000,48595273.000,-95363693.000,43899369.000,47615327.000,47103519.000,-92940215.000,41394962.000,46997097.000,46408132.000,-89572191.000,42830443.000,110193147.000,127352344.000,-179069706.000,120767096.000
AvailableforsaleSecuritiesGrossUnrealizedGainLoss1,,,,,,,,,-677000.000,,,,,,,,,,,,
BusinessAcquisitionContingentConsiderationSharesIssuable,,,,,100000.000,100000.000,,,,,,,,,,,,,,,
BusinessAcquisitionEquityInterestsIssuedOrIssuableNumberOfSharesIssued,,,,,,,100000.000,,,,,,,,,,,,,,
BusinessCombinationAcquisitionRelatedCosts,-52000.000,-1635000.000,2431000.000,153000.000,68000.000,-815000.000,-1529000.000,2265000.000,1785000.000,597000.000,,,,,,,,,,,
BusinessCombinationContingentConsiderationArrangementsChangeInAmountOfContingentConsiderationLiability,4250000.000,,,,,,,,,,,,,,,,,,,,
BusinessCombinationContingentConsiderationArrangementsChangeInAmountOfContingentConsiderationLiability1,,,,,,,,,-39000.000,0.000,-1020000.000,-1385000.000,-279000.000,-424000.000,435000.000,508000.000,3442000.000,850000.000,-162000.000,-38000.000,12000.000
BusinessCombinationSeparatelyRecognizedTransactionsAdditionalDisclosuresAcquisitionCostExpensed,,,,,,,,,,,712000.000,,,900000.000,600000.000,,,,,,
CapitalExpendituresIncurredButNotYetPaid,,,,,2828000.000,,,,12423000.000,,,,,,,,,,,,1185000.000
CapitalLeaseObligationsIncurred,,,,,6538000.000,,,,4031000.000,,,,0.000,,,,1163000.000,,,,1340000.000
CapitalizedComputerSoftwareAdditions,,1200000.000,,,,,,,,,,,,,,,,,,,
CashAndCashEquivalentsPeriodIncreaseDecrease,38054000.000,,,,-43639000.000,,,,-201648000.000,,,,-41130000.000,,,,-164850000.000,,,,-172002000.000
CashDivestedFromDeconsolidation,,,,,,,,,,,,,,,,,,,,,0.000
CashProvidedByUsedInInvestingActivitiesDiscontinuedOperations,,,,,,,,,,,,,-624000.000,,,,0.000,,,,-7547000.000
CashProvidedByUsedInOperatingActivitiesDiscontinuedOperations,,,,,,,,,,,,,-24355000.000,,,,0.000,,,,-1098000.000
ComprehensiveIncomeNetOfTax,-3207000.000,31072000.000,-2627000.000,-80493000.000,-1651000.000,2413000.000,-3775000.000,-79996000.000,-42605000.000,-10183000.000,-18972000.000,9603000.000,-5820000.000,120556000.000,-29934000.000,-48691000.000,-51971000.000,-63966000.000,-37136000.000,-34668000.000,-39671000.000
ComprehensiveIncomeNetOfTaxAttributableToNoncontrollingInterest,880000.000,1220000.000,1300000.000,1302000.000,709000.000,2314000.000,1302000.000,2496000.000,2329000.000,1872000.000,2187000.000,2596000.000,3818000.000,2828000.000,3002000.000,3363000.000,3523000.000,3173000.000,2184000.000,2384000.000,4032000.000
ComprehensiveIncomeNetOfTaxIncludingPortionAttributableToNoncontrollingInterest,-2327000.000,32292000.000,-1327000.000,-79191000.000,-942000.000,4727000.000,-2473000.000,-77500000.000,-40276000.000,-8311000.000,-16785000.000,12199000.000,-2002000.000,123384000.000,-26932000.000,-45328000.000,-48448000.000,-60793000.000,-34952000.000,-32284000.000,-35639000.000
ConsolidationLessThanWhollyOwnedSubsidiaryParentOwnershipInterestChangesPurchaseOfInterestByParent,2446000.000,,,,,,,,,,,,,,,,,,,,
CostOfGoodsSold,,,127613000.000,,152377000.000,168546000.000,181436000.000,337701000.000,309565000.000,303336000.000,315413000.000,472303000.000,351253000.000,353843000.000,338633000.000,501790000.000,345862000.000,378642000.000,365932000.000,524287000.000,321302000.000
CostOfRevenue,119498000.000,135184000.000,181786000.000,282472000.000,222393000.000,224053000.000,235437000.000,390239000.000,371916000.000,361714000.000,376910000.000,531962000.000,402950000.000,401388000.000,384683000.000,545430000.000,392643000.000,422442000.000,406351000.000,565015000.000,364175000.000
CostOfServices,,,,,,,,,,,61497000.000,,51697000.000,47545000.000,46050000.000,43640000.000,46781000.000,43800000.000,40419000.000,40728000.000,42873000.000
CostmethodInvestmentsOtherThanTemporaryImpairment,,,,,,,,,397000.000,191000.000,1448000.000,,,,,,,,,,
CostsAndExpenses,,,,,,,,,,,728213000.000,,710186000.000,708649000.000,747522000.000,889345000.000,745289000.000,760971000.000,721012000.000,902874000.000,
CumulativeEffectOnRetainedEarningsNetOfTax1,,,,,,,,,,,,,,,,,,,,,-3234000.000
DebtIssuanceCosts,,,,,,,,,,,,,,,,,,6800000.000,,,
DebtRelatedCommitmentFeesAndDebtIssuanceCosts,,,,,,,,,,,,,,,,,,,6800000.000,,6800000.000
DeferredIncomeTaxExpenseBenefit,-876000.000,,,,-258000.000,,,,573000.000,,,,22000.000,,,,-2310000.000,,,,-74000.000
DefinedBenefitPlanRecognizedNetGainLossDueToCurtailments,,,,,,,,,,,,,,,,,,,,,583000.000
DepreciationAndAmortization,,,,,,,,,12648000.000,,,,,,,,,,,,
DepreciationDepletionAndAmortization,11716000.000,,,,20700000.000,,,,22092000.000,,,,26266000.000,,,,30143000.000,,,,28667000.000
DiscontinuedOperationGainLossFromDisposalOfDiscontinuedOperationBeforeIncomeTax,,,,,,,,,,,,,,202158000.000,,,,,,,
DiscontinuedOperationGainLossOnDisposalOfDiscontinuedOperationNetOfTax,,,,,,,,,,,,,6284000.000,138000000.000,,,,,,,
DiscontinuedOperationIncomeLossFromDiscontinuedOperationBeforeIncomeTax,,,,,,,,,,,,,-20492000.000,-10788000.000,,,,,,,
DiscontinuedOperationIncomeLossFromDiscontinuedOperationNetOfTaxPerBasicShare,,,,,,,,,,,,,0.010,0.190,0.000,-0.010,0.000,0.000,0.000,0.000,0.000
DiscontinuedOperationIncomeLossFromDiscontinuedOperationNetOfTaxPerDilutedShare,,,,,,,,,,,,,0.010,0.190,0.000,-0.010,0.000,0.000,0.000,,
DiscontinuedOperationTaxEffectOfDiscontinuedOperation,,,,,,,,,,,,,26776000.000,64191000.000,,,,,,,
DisposalGroupIncludingDiscontinuedOperationForeignCurrencyTranslationGainsLosses,,,,,,,,,,,,,-2417000.000,,,,0.000,,,,
EarningsPerShareBasic,-0.020,0.040,0.000,-0.120,-0.010,-0.010,0.000,-0.120,-0.060,-0.030,-0.030,0.010,-0.020,0.160,-0.040,-0.070,-0.080,-0.100,-0.070,-0.090,-0.040
EarningsPerShareDiluted,-0.020,0.040,0.000,-0.120,-0.010,-0.010,0.000,-0.120,-0.060,-0.030,-0.030,0.010,-0.020,0.160,-0.040,-0.070,-0.080,-0.100,-0.070,,
EffectOfExchangeRateOnCashAndCashEquivalents,9059000.000,,,,-12378000.000,,,,-831000.000,,,,-30199000.000,,,,10668000.000,,,,3756000.000
EffectiveIncomeTaxRateContinuingOperations,,0.666,1.036,,1.201,1.254,1.088,,-0.701,-1.357,0.253,,-0.144,,,,,,,,
EffectiveIncomeTaxRateReconciliationAtFederalStatutoryIncomeTaxRate,,,,,0.350,0.350,0.350,,0.350,0.350,,,0.350,,,,0.350,,,,0.350
EmployeeServiceShareBasedCompensationAllocationOfRecognizedPeriodCostsCapitalizedAmount,,,3200000.000,,2600000.000,2100000.000,2200000.000,2200000.000,2300000.000,2800000.000,2786000.000,3358000.000,3088000.000,3300000.000,2800000.000,2970000.000,2200000.000,2800000.000,2300000.000,2000000.000,1500000.000
ExcessTaxBenefitFromShareBasedCompensationFinancingActivities,2881000.000,,,,832000.000,,,,5855000.000,,,,2896000.000,,,,,,,,
ExcessTaxBenefitFromShareBasedCompensationOperatingActivities,2881000.000,,,,832000.000,,,,5855000.000,,,,2896000.000,,,,,,,,
FairValueMeasurementWithUnobservableInputsReconciliationLiabilityTransfersIntoLevel3,,,1244000.000,,,,,,,,,,,,,,,,,,
FairValueMeasurementWithUnobservableInputsReconciliationRecurringBasisAssetGainLossIncludedInEarnings,,6081000.000,,,,,,,,,,,,,,,,,,,
FairValueMeasurementWithUnobservableInputsReconciliationRecurringBasisLiabilityGainLossIncludedInEarnings,,7031000.000,3176000.000,,68000.000,-815000.000,-1529000.000,5447000.000,,,,,,,,,,,,,
FairValueMeasurementWithUnobservableInputsReconciliationRecurringBasisLiabilityIssues,,,,,30000.000,0.000,3537000.000,0.000,0.000,4006000.000,0.000,382000.000,,,9605000.000,,,,,,
FairValueMeasurementWithUnobservableInputsReconciliationRecurringBasisLiabilityPurchasesSalesIssuancesSettlements,,,2100000.000,,,,,,-143000.000,0.000,0.000,0.000,-331000.000,0.000,0.000,0.000,-285000.000,0.000,0.000,0.000,0.000
FairValueMeasurementWithUnobservableInputsReconciliationRecurringBasisLiabilitySettlements,,,0.000,,,-30000.000,-750000.000,,-424000.000,0.000,0.000,848000.000,0.000,716000.000,0.000,0.000,,0.000,0.000,,
FairValueMeasurementWithUnobservableInputsReconciliationRecurringBasisLiabilityTransfersNet,,,,,,,0.000,,,,,,,,,,,,,,
FairValueOptionChangesInFairValueGainLoss,,-950000.000,,,,,,,,,,,,,,,,,,,
FairValueOptionChangesInFairValueGainLoss1,,,,,,,,,,,,,,450000.000,-2564000.000,,-1100000.000,-4607000.000,-1594000.000,-40840000.000,303000.000
ForeignCurrencyTransactionGainLossBeforeTax,,,,,,,,,,,-18638000.000,,-19497000.000,2532000.000,-5153000.000,-1681000.000,6456000.000,-1328000.000,234000.000,-17575000.000,51000.000
GainLossOnSaleOfBusiness,,,,,,,,,,,,,,,13710000.000,,,9339000.000,2060000.000,,
GainLossOnSaleOfInvestments,,0.000,,,,,,,,,,,,,,,,,,,
GainOnSaleOfInvestments,,0.000,56000000.000,,,0.000,0.000,,,,,,,,,,,,,,
GoodwillAcquiredDuringPeriod,,,,,991000.000,,,,229271000.000,,,,152000.000,,,,,,,,
GoodwillForeignCurrencyTranslationGainLoss,,,,,,,,,,,,,,,,,,,,,1427000.000
GoodwillTranslationAdjustments,,,,,,,,,,,,,-12223000.000,,,,4415000.000,,,,
GoodwillTranslationAndPurchaseAccountingAdjustments,,,,,-2209000.000,,,,-2728000.000,,,,,,,,,,,,
GrossProfit,,,,,379009000.000,384694000.000,359622000.000,378208000.000,385721000.000,389862000.000,380144000.000,393459000.000,347406000.000,337007000.000,328912000.000,371740000.000,339328000.000,333588000.000,314117000.000,369870000.000,309451000.000
ImpairmentOfInvestments,,,,,,,,,,,,,0.000,0.000,0.000,0.000,,,,,
IncomeLossFromContinuingOperationsBeforeIncomeTaxesExtraordinaryItemsNoncontrollingInterest,30972000.000,100424000.000,25917000.000,-62371000.000,16095000.000,21833000.000,14644000.000,-71481000.000,-20793000.000,-8877000.000,-25452000.000,6927000.000,-14632000.000,-6285000.000,-78583000.000,-8816000.000,-43847000.000,-53930000.000,-33713000.000,-54380000.000,-16282000.000
IncomeLossFromContinuingOperationsBeforeIncomeTaxesMinorityInterestAndIncomeLossFromEquityMethodInvestments,,100424000.000,,,,,,,,,,,,,,,,,,,
IncomeLossFromContinuingOperationsIncludingPortionAttributableToNoncontrollingInterest,,,,,,,,,,,,,-16739000.000,-15267000.000,-24613000.000,-32552000.000,-45596000.000,-51731000.000,-35792000.000,-50204000.000,-20869000.000
IncomeLossFromContinuingOperationsPerBasicShare,,,,,,,,,,,,,-0.030,-0.030,-0.040,-0.060,-0.080,-0.100,-0.070,-0.090,-0.040
IncomeLossFromContinuingOperationsPerDilutedShare,,,,,,,,,,,,,-0.030,-0.030,-0.040,-0.060,-0.080,-0.100,-0.070,,
IncomeLossFromDiscontinuedOperationsNetOfTax,,,,,,,,,,,,,6284000.000,127179000.000,0.000,-10613000.000,0.000,0.000,0.000,0.000,487000.000
IncomeLossFromDiscontinuedOperationsNetOfTaxAttributableToReportingEntity,,,,,,,,,,,,,,127179000.000,,,,,,,
IncomeLossFromEquityMethodInvestments,-5128000.000,-3428000.000,-138000.000,-1231000.000,-19000.000,-14000.000,-25000.000,14000.000,52000.000,-420000.000,-91000.000,0.000,0.000,0.000,0.000,0.000,,,,,
IncomeTaxExpenseBenefit,34565000.000,66875000.000,26857000.000,17676000.000,19337000.000,27384000.000,15936000.000,7380000.000,14570000.000,12045000.000,-6434000.000,-4457000.000,2107000.000,8982000.000,-53970000.000,23736000.000,1749000.000,-2199000.000,2079000.000,-4176000.000,4587000.000
IncreaseDecreaseInAccountsPayable,-1821000.000,,,,-19606000.000,,,,7315000.000,,,,2244000.000,,,,-2850000.000,,,,-13184000.000
IncreaseDecreaseInAccountsReceivable,11878000.000,,,,7684000.000,,,,24393000.000,,,,8901000.000,,,,3223000.000,,,,-10594000.000
IncreaseDecreaseInAccruedLiabilities,,,,,13302000.000,,,,-5379000.000,,,,-2470000.000,,,,10848000.000,,,,-36040000.000
IncreaseDecreaseInAccruedLiabilitiesAndOtherOperatingLiabilities,13420000.000,,,,,,,,,,,,,,,,,,,,
IncreaseDecreaseInDueToRelatedParties,196000.000,,,,,,,,,,,,,,,,,,,,
IncreaseDecreaseInIncomeTaxes,,,,,,,,,,,,,,,17800000.000,,,,,,
IncreaseDecreaseInOtherAccountsPayable,46000000.000,,,,,,,,,,,,,,,,,,,,
IncreaseDecreaseInOtherOperatingCapitalNet,-5726000.000,,,,-753000.000,,,,-9459000.000,,,,-18688000.000,,,,12754000.000,,,,1719000.000
IncreaseDecreaseInPrepaidDeferredExpenseAndOtherAssets,4121000.000,,,,-12527000.000,,,,5150000.000,,,,2513000.000,,,,-20940000.000,,,,-5380000.000
IncreaseDecreaseInRestrictedCash,1357000.000,,,,,,,,,,,,,,,,,,,,
IncreaseDecreaseInRestrictedCashForOperatingActivities,,,,,-2523000.000,,,,-2950000.000,,,,-3245000.000,,,,-505000.000,,,,-1853000.000
IncrementalCommonSharesAttributableToCallOptionsAndWarrants,,,,,,,,,,,,,,,,,,46300000.000,46300000.000,,46300000.000
InterestExpense,,,,,,101000.000,39000.000,,88000.000,134000.000,277000.000,408000.000,670000.000,473000.000,783000.000,1075000.000,849000.000,5132000.000,5778000.000,3925000.000,5319000.000
InterestExpenseDebt,,,,,,,,,,,,,,,,,,4427000.000,4490000.000,,4619000.000
InterestExpenseDebtExcludingAmortization,,,,,,,,,,,,,,,,,,2031000.000,2032000.000,,2032000.000
InterestIncomeExpenseNet,,,,,372000.000,,,,,,,,,,,,,,,,
InterestIncomeOther,,,,,,441000.000,487000.000,,376000.000,418000.000,409000.000,361000.000,227000.000,330000.000,331000.000,331000.000,395000.000,461000.000,593000.000,604000.000,602000.000
LitigationSettlementExpense,,,,,,,,,8500000.000,,,,,,8500000.000,,45000000.000,45000000.000,45000000.000,-90000000.000,
LitigationSettlementGross,,,,,8500000.000,,,,,,,,,,,,,,,,
MarketingExpense,116615000.000,88407000.000,70919000.000,60913000.000,49557000.000,55497000.000,53265000.000,56505000.000,78924000.000,64275000.000,59935000.000,65909000.000,52533000.000,57007000.000,61587000.000,83208000.000,89765000.000,91993000.000,87858000.000,93335000.000,86342000.000
MinorityInterestChangeInRedemptionValue,-7222000.000,-3943000.000,-1333000.000,-106000.000,0.000,0.000,0.000,0.000,,,,,,,,,,,,,
MinorityInterestDecreaseFromDistributionsToNoncontrollingInterestHolders,,,,,,,,,,,,,,,,,,,,,3450000.000
MinorityInterestDecreaseFromRedemptions,,6600000.000,,,,,,,,,,,,,,,,,,,
MinorityInterestPeriodIncreaseDecrease,-4776000.000,,,,,,,,,,,,,,,,,,,,
NetCashProvidedByUsedInDiscontinuedOperations,,,,,,,,,,,,,-25722000.000,,,,0.000,,,,-28866000.000
NetCashProvidedByUsedInFinancingActivities,-8275000.000,,,,-9342000.000,,,,-41492000.000,,,,-32942000.000,,,,-78015000.000,,,,-45726000.000
NetCashProvidedByUsedInFinancingActivitiesContinuingOperations,-8275000.000,,,,-9342000.000,,,,-41492000.000,,,,-32942000.000,,,,-78015000.000,,,,-45726000.000
NetCashProvidedByUsedInInvestingActivities,-46444000.000,,,,-30679000.000,,,,-138608000.000,,,,-20067000.000,,,,-20778000.000,,,,-21567000.000
NetCashProvidedByUsedInInvestingActivitiesContinuingOperations,-46444000.000,,,,-30679000.000,,,,-138608000.000,,,,-19443000.000,,,,-20778000.000,,,,-14020000.000
NetCashProvidedByUsedInOperatingActivities,83714000.000,,,,8760000.000,,,,-20717000.000,,,,16356000.000,,,,-76725000.000,,,,-137331000.000
NetCashProvidedByUsedInOperatingActivitiesContinuingOperations,83714000.000,,,,8760000.000,,,,-20717000.000,,,,40711000.000,,,,-76725000.000,,,,-136233000.000
NetIncomeLoss,-4473000.000,32329000.000,-1646000.000,-80983000.000,-3992000.000,-7574000.000,-2580000.000,-81247000.000,-37795000.000,-22875000.000,-21208000.000,8788000.000,-14273000.000,109084000.000,-27615000.000,-46528000.000,-49119000.000,-54904000.000,-37976000.000,-52588000.000,-24414000.000
NetIncomeLossAttributableToNoncontrollingInterest,880000.000,1220000.000,706000.000,936000.000,750000.000,2023000.000,1288000.000,2386000.000,2432000.000,1953000.000,2190000.000,2596000.000,3818000.000,2828000.000,3002000.000,3363000.000,3523000.000,3173000.000,2184000.000,2384000.000,4032000.000
NetIncomeLossAvailableToCommonStockholdersBasic,-11695000.000,28386000.000,-2979000.000,-81089000.000,-3992000.000,-7574000.000,-2580000.000,-81247000.000,,,,,,,,,,,,,
NumberOfBusinessesAcquired,,,,,2.000,,,,2.000,,,,,,,,,,,,
NumberOfReportableSegments,,,,,2.000,,,,3.000,,,,3.000,,,,3.000,,,,
OperatingExpenses,519644000.000,521850000.000,361328000.000,114009000.000,357831000.000,357282000.000,345810000.000,364856000.000,405674000.000,397716000.000,385573000.000,375065000.000,342111000.000,346233000.000,399335000.000,377163000.000,386661000.000,376757000.000,340802000.000,362446000.000,321131000.000
OperatingIncomeLoss,39639000.000,46485000.000,25438000.000,-12861000.000,21178000.000,27412000.000,13812000.000,13352000.000,-19953000.000,-7854000.000,-5429000.000,18394000.000,5295000.000,-9226000.000,-70423000.000,-5423000.000,-47333000.000,-43169000.000,-26685000.000,7424000.000,-11680000.000
OtherComprehensiveIncomeForeignCurrencyTransactionAndTranslationAdjustmentNetOfTaxPeriodIncreaseDecrease,1266000.000,-1257000.000,,,,,,,,,,,,,,,,,,,
OtherComprehensiveIncomeLossAmortizationAdjustmentFromAOCIPensionAndOtherPostretirementBenefitPlansForNetPriorServiceCostCreditNetOfTax,,,,,,,,,,,,,,,,,,,,,2000.000
OtherComprehensiveIncomeLossAvailableForSaleSecuritiesAdjustmentBeforeReclassificationAdjustmentsNetOfTax,,,,,,,,,,,,,,,-193000.000,,,,,,
OtherComprehensiveIncomeLossAvailableForSaleSecuritiesAdjustmentNetOfTax,,,,,,,,,,,406000.000,,137000.000,,,,,,,,
OtherComprehensiveIncomeLossAvailableForSaleSecuritiesTax,,,,,,,,,,,248000.000,,83000.000,24000.000,-116000.000,34000.000,0.000,103000.000,-10000.000,-50000.000,147000.000
OtherComprehensiveIncomeLossBeforeReclassificationsNetOfTax,,,,,,,,,,,,,,,,,,,,,-937000.000
OtherComprehensiveIncomeLossForeignCurrencyTransactionAndTranslationAdjustmentNetOfTax,,,-387000.000,,2143000.000,10345000.000,-1072000.000,1517000.000,-4612000.000,12684000.000,1827000.000,1726000.000,10707000.000,,,,,,,,-16081000.000
OtherComprehensiveIncomeLossForeignCurrencyTransactionAndTranslationReclassificationAdjustmentFromAOCIRealizedUponSaleOrLiquidationNetOfTax,,,,,,,,,,,,,,,,,-1500000.000,1800000.000,,,
OtherComprehensiveIncomeLossForeignCurrencyTranslationAdjustmentTax,,,,,,,,,,,,,1428000.000,1428000.000,0.000,,,,,,
OtherComprehensiveIncomeLossNetOfTax,,,-387000.000,,2300000.000,10278000.000,-1181000.000,1361000.000,-4913000.000,12611000.000,2233000.000,815000.000,,,,,,,,,-15257000.000
OtherComprehensiveIncomeLossNetOfTaxPeriodIncreaseDecrease,-1266000.000,1257000.000,,,,,,,,,,,,,,,,,,,
OtherComprehensiveIncomeLossPensionAndOtherPostretirementBenefitPlansAdjustmentNetOfTax,,,,,,,,,,,,,26000.000,27000.000,26000.000,-92000.000,27000.000,19000.000,23000.000,859000.000,-585000.000
OtherComprehensiveIncomeLossPensionAndOtherPostretirementBenefitPlansTax,,,,,,,,,,,,,5000.000,-5000.000,5000.000,-2000.000,4000.000,5000.000,4000.000,163000.000,0.000
OtherComprehensiveIncomeLossReclassificationAdjustmentFromAOCIForWritedownOfSecuritiesNetOfTax,,,,,,,,,,,831000.000,,,,0.000,,,,,,
OtherComprehensiveIncomeUnrealizedHoldingGainLossOnSecuritiesArisingDuringPeriodBeforeTax,,,,,,,,,,,,,,,,,,,,,239000.000
OtherComprehensiveIncomeUnrealizedHoldingGainLossOnSecuritiesArisingDuringPeriodNetOfTax,,,,,157000.000,-67000.000,-109000.000,-156000.000,-301000.000,-73000.000,-425000.000,589000.000,,,,,,,,,
OtherCostAndExpenseOperating,,496401000.000,,,,,,,,,,,,,,,,,,,
OtherExpenses,,,,,,,,,,,,,,,,,,155000.000,483000.000,,239000.000
OtherIncome,,,,,,,,,,,22000.000,,13000.000,102000.000,9000.000,,,,,,
OtherNoncashIncomeExpense,,,,,,,,,,,,,,,,,-1416000.000,,,,
OtherNonoperatingIncomeExpense,-3539000.000,57367000.000,617000.000,-48279000.000,-5064000.000,-5565000.000,857000.000,-84847000.000,-840000.000,-1023000.000,-20023000.000,-11467000.000,-19927000.000,2941000.000,-8160000.000,-3393000.000,3486000.000,-10761000.000,-7028000.000,-61804000.000,-4602000.000
OtherOperatingIncomeExpenseNet,,71934000.000,,,,,,,,,,,,,,,,,,,
OtherPaymentsToAcquireBusinesses,,,,,2000000.000,,,,3136000.000,,,,0.000,,,,,,,,
OtherSignificantNoncashTransactionValueOfConsiderationGiven1,421000.000,,,,,,,,,,,,,,,,,,,,
OtherThanTemporaryImpairmentLossesInvestmentsPortionInOtherComprehensiveIncomeLossTaxIncludingPortionAttributableToNoncontrollingInterestAvailableforsaleSecurities,,,,,,,,,,,-509000.000,,,,,,,,,,
OtherThanTemporaryImpairmentLossesInvestmentsPortionRecognizedInEarningsNet,,,,,,,,,,,,,0.000,,,,,,,,
OtherThanTemporaryImpairmentLossesInvestmentsPortionRecognizedInEarningsNetAvailableforsaleSecurities,,,,,,,,,,,1340000.000,,,,,,,,,,
PaymentsForRepurchaseOfCommonStock,0.000,,,,,,,,29840000.000,,,,18006000.000,,,,64665000.000,,,,27234000.000
PaymentsForRepurchaseOfPreferredStockAndPreferenceStock,0.000,,,,,,,,,,,,,,,,,,,,
PaymentsForRestructuring,,,,,,,,,,,,,,,2539000.000,,11341000.000,21274000.000,25851000.000,-25970000.000,9953000.000
PaymentsForTenantImprovements,,,,,,,,,,,,,,,,,4809000.000,,,,0.000
PaymentsOfCapitalDistribution,652000.000,,,,,,,,,,,,,,,,,,,,
PaymentsOfDebtIssuanceCosts,,,,,,,,,,,,,,,,,,,,,473000.000
PaymentsOfStockIssuanceCosts,,,,,,,,,158000.000,,,,0.000,,,,,,,,
PaymentsRelatedToTaxWithholdingForShareBasedCompensation,6632000.000,,,,7712000.000,,,,14083000.000,,,,14584000.000,,,,4964000.000,,,,8970000.000
PaymentsToAcquireAdditionalInterestInSubsidiaries,,,,,0.000,,,,,,,,,,,,,,,,
PaymentsToAcquireAvailableForSaleSecurities,,,,,,,,,4600000.000,,,,,,,,,,,,
PaymentsToAcquireBusinessesNetOfCashAcquired,23004000.000,,,,1169000.000,,,,117654000.000,,,,800000.000,,,,40000.000,,,,
PaymentsToAcquireEquityMethodInvestments,3000000.000,,,,,,,,,,,,,,,,,,,,
PaymentsToAcquireIntangibleAssets,10000.000,,,,0.000,,,,,,,,,,,,786000.000,,,,
PaymentsToAcquireInterestInSubsidiariesAndAffiliates,7347000.000,,,,,,,,,,,,,,,,,,,,
PaymentsToAcquireInvestments,,,,,13083000.000,,,,4599000.000,,,,0.000,,,,,,,,
PaymentsToAcquirePropertyPlantAndEquipment,13083000.000,,,,14468000.000,,,,16355000.000,,,,18294000.000,,,,19952000.000,,,,14076000.000
PaymentsToMinorityShareholders,,,,,1065000.000,,,,2053000.000,,,,1558000.000,,,,3365000.000,,,,3450000.000
PreferredStockRedemptionPremium,0.000,0.000,0.000,0.000,,,,,,,,,,,,,,,,,
PriorPeriodReclassificationAdjustment,,,,,,,,,,,,,,,,,2900000.000,,,,
ProceedsFromDebtNetOfIssuanceCosts,,,,,,,,,,,,,,,,,,243200000.000,243200000.000,,243200000.000
ProceedsFromDivestitureOfInterestInConsolidatedSubsidiaries,,,,,,,,,,,,,,285000000.000,,,,,,,
ProceedsFromIssuanceOfWarrants,,,,,,,,,,,,,,,,,,,,,35495000.000
ProceedsFromIssuanceOrSaleOfEquity,0.000,,,,,,,,,,,,,,,,,,,,
ProceedsFromPaymentsForOtherFinancingActivities,,0.000,,,0.000,,,,,,,,,,,,,,,,
ProceedsFromSaleOfInvestmentProjects,,,,,,,,,,,,,,,,,,,1685000.000,,
ProceedsFromStockOptionsExercised,378000.000,,,,705000.000,,,,2812000.000,,,,1946000.000,,,,1933000.000,,,,2468000.000
ProfitLoss,-3593000.000,33549000.000,-940000.000,-80047000.000,-3242000.000,-5551000.000,-1292000.000,-78861000.000,-35363000.000,-20922000.000,-19018000.000,11384000.000,-10455000.000,111912000.000,-24613000.000,-43165000.000,-45596000.000,-51731000.000,-35792000.000,-50204000.000,-20382000.000
ReclassificationFromAccumulatedOtherComprehensiveIncomeCurrentPeriodNetOfTax,,,,,,,,,,,,,,,,,,,,,14320000.000
RepaymentsOfLongTermCapitalLeaseObligations,,,,,102000.000,,,,889000.000,,,,3636000.000,,,,6954000.000,,,,8067000.000
RepaymentsOfRelatedPartyDebt,0.000,,,,,,,,,,,,,,,,,,,,
RestructuringAndRelatedCostIncurredCost,,,,,,,,,,,,,,,23801000.000,,9654000.000,23775000.000,25259000.000,-20150000.000,2731000.000
RestructuringCharges,,,,,,,,,,,,,,,24146000.000,,12444000.000,16085000.000,1459000.000,13620000.000,2731000.000
RestructuringCostsAndAssetImpairmentCharges,,,,,,,,,,,,,,,,,45000.000,,,,0.000
RestructuringReserveTranslationAdjustment,,,,,,,,,,,,,,,27000.000,,289000.000,202000.000,236000.000,-1132000.000,227000.000
Revenues,,568335000.000,423564000.000,,601402000.000,608747000.000,595059000.000,768447000.000,757637000.000,751576000.000,757054000.000,925421000.000,750356000.000,738395000.000,713595000.000,917170000.000,731971000.000,756030000.000,720468000.000,934885000.000,673626000.000
SalesRevenueGoodsNet,,65350000.000,144988000.000,,162294000.000,189876000.000,200072000.000,366759000.000,331208000.000,345635000.000,357251000.000,530055000.000,390235000.000,397549000.000,387289000.000,571910000.000,397403000.000,437901000.000,410632000.000,593872000.000,372049000.000
SalesRevenueNet,,502985000.000,568552000.000,,601402000.000,608747000.000,595059000.000,768447000.000,757637000.000,751576000.000,757032000.000,925421000.000,750343000.000,738293000.000,713586000.000,917170000.000,731971000.000,756030000.000,720468000.000,934885000.000,673626000.000
SalesRevenueServicesNet,559283000.000,568335000.000,,,,,,,,,399803000.000,,360121000.000,340846000.000,326306000.000,345260000.000,334568000.000,318129000.000,309836000.000,341013000.000,301577000.000
SellingGeneralAndAdministrativeExpense,283583000.000,299894000.000,287978000.000,307625000.000,308206000.000,302600000.000,294074000.000,306086000.000,324965000.000,332844000.000,325942000.000,309965000.000,289847000.000,288721000.000,326248000.000,287976000.000,280988000.000,277168000.000,253554000.000,254458000.000,232046000.000
ShareBasedCompensation,28003000.000,27084000.000,22619000.000,26411000.000,29907000.000,32446000.000,26870000.000,32239000.000,23729000.000,31655000.000,34574000.000,32061000.000,35144000.000,38485000.000,35575000.000,32865000.000,30756000.000,37552000.000,26442000.000,23402000.000,19701000.000
ShareBasedGoodsAndNonemployeeServicesTransactionQuantityOfSecuritiesIssued,,,,,,,,,,,,,,575744.000,,,,,,,
SharebasedCompensationArrangementBySharebasedPaymentAwardAwardVestingRightsPercentage,,,,,,,,,,,,,,,,,,,,,0.250
StockIssuedDuringPeriodSharesAcquisitions,,,,,,,,,13825283.000,,,,,,,,,,,,
StockIssuedDuringPeriodSharesRestrictedStockAwardGross,,,,,,,,,,,,,,,,,196968.000,,,,
StockIssuedDuringPeriodValueAcquisitions,,,,,,,,,162862000.000,,,,0.000,,,,,,,,
StockIssuedDuringPeriodValueEmployeeStockPurchasePlan,,,,,,,,,,,,,,,,,,,,,2458000.000
StockIssuedDuringPeriodValueRestrictedStockAwardGross,,,,,,,,,,,,,984843.000,,,,,,,,
StockIssuedDuringPeriodValueShareBasedCompensation,,,,,,,,,,,,,,,,,,,,,20383000.000
StockIssuedDuringPeriodValueStockOptionsExercised,378000.000,,,,,,,,,,,,,,,,,,,,10000.000
StockRepurchaseProgramRemainingAuthorizedRepurchaseAmount,,,,,,,,,224000000.000,,,,,,,,,,,,
SubsidiaryOrEquityMethodInvesteeCumulativePercentageOwnershipAfterAllTransactions,,,,,,,,,,,,,0.410,,,,,,,,
TreasuryStockValueAcquiredCostMethod,,,,,,,,,,,,,,,,,,,,,26027000.000
UnrealizedGainLossOnInvestments,,,3200000.000,,,,,,,,,,,,,,,,,,
WeightedAverageNumberOfDilutedSharesOutstanding,644097375.000,663122709.000,653223610.000,-1310229575.000,658800417.000,662361436.000,666432848.000,-1323684507.000,682378690.000,675538392.000,669526524.000,-1352611213.000,676382937.000,671630169.000,644894785.000,-1342801666.000,582751678.000,576903004.000,575216191.000,-1158516615.000,562195243.000
WeightedAverageNumberOfSharesOutstandingBasic,644097375.000,647149537.000,653223610.000,-1294256403.000,658800417.000,662361436.000,666432848.000,-1323684507.000,682378690.000,675538392.000,669526524.000,-1352611213.000,676382937.000,671630169.000,644894785.000,-1342801666.000,582751678.000,576903004.000,575216191.000,-1158516615.000,562195243.000
