,2011-09-30,2012-03-31,2012-06-30,2012-09-30,2012-12-31,2013-03-31,2013-06-30,2013-09-30,2013-12-31,2014-03-31,2014-06-30,2014-09-30,2015-03-31,2015-06-30,2015-09-30,2015-12-31,2016-03-31,2016-06-30
AdjustmentForAmortization,,,,,,9764.000,,,,13625.000,,,1634.000,,,,,
AdjustmentsToAdditionalPaidInCapitalOther,,,,,,,,,,,,,,,,,367568.000,
AmortizationOfDebtDiscountPremium,,,,,,,,,,,51292.000,,,,,,,
AmortizationOfFinancingCosts,,,,,,,,,,,,,32484.000,,,,,
AmortizationOfFinancingCostsAndDiscounts,,,,,,,,,,,,,160011.000,,,,251742.000,
CashAndCashEquivalentsPeriodIncreaseDecrease,,,,,,773721.000,,,,-147735.000,,,-55942.000,,,,,
CashAndCashEquivalentsPeriodIncreaseDecreaseExcludingExchangeRateEffect,,,,,,,,,,,,,,,,,22028.000,
ComprehensiveIncomeNetOfTax,,,,,,-203905.000,-193635.000,-279740.000,-270938.000,-247546.000,-504432.000,-440258.000,-878430.000,-367497.000,-1180146.000,-451899.000,-294825.000,-789282.000
ConversionOfStockAmountIssued1,,,,,,,,,,,,,,,,,25418.000,
ConversionOfStockSharesIssued1,,,,,,,,,,,,,,,,,105907375.000,
DebtConversionConvertedInstrumentSharesIssued1,,,,,,,,,,,,,,,,,417458690.000,
DepreciationAndAmortization,,,,475.000,,,,,,,,,,,,,,
DepreciationDepletionAndAmortization,,,,,,,,,,,,,,,,,2469.000,
DerivativeGainLossOnDerivativeNet,,,,,,,,,,,-47062.000,1586.000,-352807.000,547608.000,-117484.000,-265149.000,140034.000,-537098.000
EarningsPerShareBasicAndDiluted,,,0.000,-0.010,,0.000,0.000,0.000,0.000,0.000,0.000,0.000,0.000,0.000,0.000,0.000,-0.000,-0.000
EffectOfExchangeRateOnCashAndCashEquivalents,,,,,,-302.000,,,,-2511.000,,,-449.000,,,,-435.000,
FairValueAssumptionsExpectedDividendRate,,,,,,,,,,,,,0.000,,,,0.000,
FairValueNetDerivativeAssetLiabilityMeasuredOnRecurringBasisUnobservableInputsReconciliationPurchasesSalesIssuesSettlements,,,,,,,,,,,,,317786.000,,,,,
ForeignCurrencyTransactionGainLossBeforeTax,,,,,,,,,,256.000,-74.000,7012.000,70.000,-8706.000,2837.000,-518.000,,
GainsLossesOnExtinguishmentOfDebt,,,,,,,,,,,,,,,107974.000,,-9770.000,-13921.000
GeneralAndAdministrativeExpense,4432.000,8481.000,2676.000,31302.000,185103.000,203603.000,196543.000,278107.000,-89339.000,148775.000,243596.000,242325.000,99249.000,256065.000,223972.000,111461.000,90712.000,68261.000
ImpairmentOfLongLivedAssetsHeldForUse,,,,,,,,,,0.000,,,,,,,,
ImpairmentOfLongLivedAssetsToBeDisposedOf,,,,,,0.000,,,,0.000,,,,,,,,
IncomeTaxesPaid,,,,,,0.000,,,,0.000,,,0.000,,,,,
IncreaseDecreaseInAccountsPayableAndAccruedLiabilities,,,,,,25020.000,,,,113719.000,,,26280.000,,,,36600.000,
IncreaseDecreaseInDeferredRevenue,,,,,,,,,,,,,0.000,,,,,
IncreaseDecreaseInDerivativeLiabilities,,,,,,,,,,,,,161264.000,,,,,
IncreaseDecreaseInInventories,,,,,,,,,,,,,2308.000,,,,,
IncreaseDecreaseInOtherAccountsPayable,,2556.000,,,,,,,,,,,,,,,,
IncreaseDecreaseInPrepaidExpense,,,,,,57158.000,,,,26660.000,,,14223.000,,,,492.000,
IncreaseDecreaseInRestrictedCash,,-18.000,,,,,,,,,,,,,,,,
InterestExpense,,,,,,,,,,396.000,86341.000,201258.000,323170.000,519979.000,845186.000,316931.000,285857.000,141069.000
InterestExpenseDebt,,,,,,,,,,,,,,,,,409314.000,
InterestPaid,,,,,,0.000,,,,0.000,,,0.000,,,,,
InvestmentIncomeInterest,,,,,,,273.000,160.000,,6.000,0.000,0.000,0.000,0.000,0.000,,,
NetCashProvidedByUsedInFinancingActivities,,5500.000,,,,1000000.000,,,,0.000,,,137023.000,,,,136389.000,
NetCashProvidedByUsedInFinancingActivitiesContinuingOperations,,5500.000,,,,1000000.000,,,,0.000,,,137023.000,,,,136389.000,
NetCashProvidedByUsedInInvestingActivities,,,,,,0.000,,,,-873.000,,,0.000,,,,,
NetCashProvidedByUsedInInvestingActivitiesContinuingOperations,,,,,,0.000,,,,-873.000,,,0.000,,,,,
NetCashProvidedByUsedInOperatingActivities,,-5518.000,,,,-225977.000,,,,-144351.000,,,-192516.000,,,,-113926.000,
NetCashProvidedByUsedInOperatingActivitiesContinuingOperations,,-5518.000,,,,-225977.000,,,,-144351.000,,,-192516.000,,,,-113926.000,
NetIncomeLoss,-4432.000,-8481.000,-2676.000,-31777.000,-184628.000,-203603.000,-196270.000,-277947.000,-272297.000,-245035.000,-503663.000,-434985.000,-877981.000,-358791.000,-1182413.000,-450160.000,-294564.000,-789231.000
NonoperatingIncomeExpense,,,,,,,,,,-134.000,-133477.000,-192660.000,-675907.000,18923.000,-851859.000,,-149693.000,-691734.000
OperatingExpenses,4432.000,8481.000,,31777.000,,203603.000,196543.000,278107.000,276571.000,269881.000,370186.000,242325.000,202074.000,377714.000,330554.000,195946.000,144871.000,97497.000
OperatingIncomeLoss,,-8481.000,,,,,-196543.000,-278107.000,,-244901.000,-370186.000,-242325.000,-202074.000,-377714.000,-330554.000,-195246.000,-144871.000,-97497.000
OtherComprehensiveIncomeForeignCurrencyTransactionAndTranslationAdjustmentNetOfTaxPortionAttributableToParent,,,,,,-302.000,2635.000,-1793.000,1359.000,-2511.000,-769.000,-5273.000,-449.000,-8706.000,2267.000,-1739.000,-261.000,-51.000
OtherNonoperatingIncome,,,,,,,,,,,,,,,,,5900.000,354.000
PaymentsOfDebtExtinguishmentCosts,,,,,,,,,,,,,,,,,75778.000,
PaymentsToAcquirePropertyPlantAndEquipment,,,,,,0.000,,,,873.000,,,0.000,,,,,
ProceedsFromConvertibleDebt,,,,,,,,,,,,,137023.000,,,,222778.000,
ProceedsFromIssuanceOfCommonStock,,,,,,,,,,0.000,,,,,,,,
ProceedsFromOtherDebt,,,,,,,,,,,,,172870.000,,,,,
ProceedsFromRelatedPartyDebt,,,,,,0.000,,,,0.000,,,,,,,,
RepaymentsOfConvertibleDebt,,,,,,,,,,,0.000,,,,,,,
RepaymentsOfRelatedPartyDebt,,,,,,,,,,,,,,,,,10611.000,
ResearchAndDevelopmentExpense,,,,,,,,,,121106.000,126590.000,0.000,102825.000,121649.000,106582.000,84485.000,54159.000,29236.000
Revenues,,,0.000,0.000,,0.000,0.000,0.000,0.000,24980.000,0.000,0.000,0.000,0.000,0.000,1521.000,,
SalesRevenueNet,,,0.000,0.000,,0.000,0.000,0.000,0.000,24980.000,0.000,0.000,0.000,0.000,0.000,1521.000,,
ShareBasedCompensation,,,,,,,,,,0.000,,,,,,,,
StockIssuedDuringPeriodSharesConversionOfConvertibleSecurities,,,,,,,,,,,,,40591051.000,,,,,
StockIssuedDuringPeriodValueAcquisitions,,,,,,0.000,,,,0.000,,,,,,,,
StockIssuedDuringPeriodValueConversionOfConvertibleSecurities,,,,,,,,,,,,,234355.000,,,,,
StockIssuedDuringPeriodValueIssuedForCash,,,,,,-1000000.000,,,,,,,,,,,,
StockIssuedDuringPeriodValueIssuedForServices,,,,,,0.000,,,,,,,,,,,,
WeightedAverageNumberOfShareOutstandingBasicAndDiluted,,,4808000.000,4808000.000,,377585449.000,378033149.000,378033149.000,-755729912.000,378033149.000,378033149.000,378038740.000,415699254.000,459543354.000,532648145.000,-828306396.000,1147960137.000,1315100620.000
