,2011-09-30,2012-03-31,2012-06-30,2012-09-30,2012-12-31,2013-03-31,2013-06-30,2013-09-30,2013-12-31,2014-03-31,2014-06-30,2014-09-30,2014-12-31,2015-03-31,2015-06-30,2015-09-30,2015-12-31,2016-03-31
AmortizationOfDeferredCharges,,-143000.000,,,,-19000.000,,,,-44000.000,,,,-138000.000,,,,99000.000
AmortizationOfFinancingCosts,,514000.000,,,,580000.000,502000.000,477000.000,632000.000,571000.000,,,,587000.000,444000.000,380000.000,382000.000,381000.000
AmortizationOfIntangibleAssets,,12800000.000,12400000.000,13100000.000,14700000.000,14900000.000,14500000.000,14500000.000,13100000.000,12900000.000,13300000.000,14000000.000,13600000.000,13100000.000,12200000.000,11300000.000,12100000.000,14700000.000
AntidilutiveSecuritiesExcludedFromComputationOfEarningsPerShareAmount,,,,,,10400000.000,,9200000.000,,7800000.000,,,,,5500000.000,49000.000,,86000.000
BasicEarningsPerShareProForma,,,,,,0.190,,,,,,,,,,,,
BusinessAcquisitionProFormaEarningsPerShareBasic,,,,,,,,,,,0.100,0.080,,0.050,-0.190,0.170,0.090,0.090
BusinessAcquisitionProFormaEarningsPerShareDiluted,,,,-0.120,,,,,,0.000,0.100,0.080,0.080,0.050,-0.190,0.170,0.090,0.090
BusinessAcquisitionsProFormaNetIncomeLoss,,,,-4174000.000,,6400000.000,,,,77000.000,3975000.000,3277000.000,3571000.000,2024000.000,-7756000.000,7152000.000,3683000.000,3812000.000
BusinessAcquisitionsProFormaRevenue,,,,141360000.000,,140300000.000,,,,176732000.000,203334000.000,204700000.000,213571000.000,196316000.000,209094000.000,206080000.000,253336000.000,228389000.000
BusinessCombinationAcquisitionRelatedCosts,,,,,,,25000.000,,,1192000.000,762000.000,871000.000,710000.000,-382000.000,134000.000,634000.000,2035000.000,1058000.000
BusinessCombinationContingentConsiderationArrangementsChangeInAmountOfContingentConsiderationLiability,,356000.000,,,,9000.000,,,,,,,,,,,,
BusinessCombinationContingentConsiderationArrangementsChangeInAmountOfContingentConsiderationLiability1,,,,,,,,,,6500000.000,,,,-2200000.000,,,,
BusinessCombinationSeparatelyRecognizedTransactionsAdditionalDisclosuresAcquisitionCostExpensed,,,14000.000,,,,,,,,,,,,,,,
CashAndCashEquivalentsPeriodIncreaseDecrease,,50000.000,,,,-918000.000,,,,-4325000.000,,,,10531000.000,,,,-31866000.000
ComprehensiveIncomeNetOfTax,-5304000.000,-1873000.000,-5043000.000,-213000.000,-3198000.000,-7843000.000,-8514000.000,795000.000,-3774000.000,-1114000.000,5328000.000,-1541000.000,-618000.000,-3853000.000,-6049000.000,2548000.000,1318000.000,4497000.000
CostOfRevenue,72148000.000,81173000.000,84223000.000,86080000.000,92575000.000,97384000.000,102118000.000,100831000.000,104996000.000,111035000.000,124851000.000,130597000.000,130555000.000,128176000.000,136425000.000,134446000.000,137447000.000,149126000.000
CostsAndExpenses,108020000.000,123830000.000,125714000.000,128819000.000,137749000.000,146967000.000,152016000.000,148361000.000,154603000.000,165905000.000,182299000.000,189836000.000,190475000.000,185176000.000,192875000.000,187898000.000,192886000.000,213101000.000
DeferredIncomeTaxExpenseBenefit,,-3937000.000,,,,-6037000.000,,,,-2228000.000,,,,-1759000.000,,,,348000.000
DefinedContributionPlanCostRecognized,,98000.000,133000.000,149000.000,149000.000,139000.000,138000.000,144000.000,150000.000,228000.000,234000.000,230000.000,278000.000,370000.000,306000.000,245000.000,279000.000,238000.000
Depreciation,,1200000.000,1400000.000,1400000.000,1500000.000,1400000.000,1300000.000,1400000.000,1600000.000,1400000.000,1600000.000,1700000.000,1800000.000,1700000.000,1600000.000,1700000.000,700000.000,1900000.000
DepreciationAndAmortization,,14025000.000,13762000.000,14458000.000,16306000.000,16326000.000,15822000.000,15910000.000,14690000.000,14342000.000,14858000.000,15705000.000,15375000.000,14848000.000,13729000.000,12997000.000,14117000.000,16636000.000
DepreciationDepletionAndAmortization,13069000.000,14025000.000,13762000.000,14458000.000,16306000.000,16326000.000,15822000.000,15910000.000,14690000.000,14342000.000,,,,14848000.000,,,,16636000.000
DerivativesUsedInNetInvestmentHedgeTaxExpenseBenefit,,,,,,,,,,,,,,,,,,-42000.000
EarningsPerShareBasic,-0.080,,,,,,,,,,0.090,0.090,,0.050,-0.190,0.170,0.110,0.080
EarningsPerShareBasicAndDiluted,,-0.130,-0.100,-0.140,-0.070,-0.100,-0.080,-0.060,-0.050,-0.010,,,,,,,,
EarningsPerShareDiluted,-0.080,,,,,,,,,,0.090,0.080,,0.050,-0.190,0.170,0.100,0.080
EffectOfExchangeRateOnCashAndCashEquivalents,,76000.000,,,,-34000.000,,,,268000.000,,,,-509000.000,,,,506000.000
ExcessTaxBenefitFromShareBasedCompensationFinancingActivities,,,,,,407000.000,,,,6190000.000,,,,2086000.000,,,,4766000.000
ExcessTaxBenefitFromShareBasedCompensationOperatingActivities,,,,,,407000.000,,,,6190000.000,,,,2086000.000,,,,4766000.000
ForeignCurrencyTransactionGainLossBeforeTax,,,,-534000.000,,,,,,,,,,,,,,
GainLossOnInterestRateCashFlowHedgeIneffectiveness,-56000.000,54000.000,61000.000,54000.000,56000.000,48000.000,46000.000,7000.000,0.000,,,,,,,,,
GainsLossesOnExtinguishmentOfDebt,,,,,,,,,,,,,,,-18619000.000,,,
GoodwillAcquiredDuringPeriod,,,,,,,,,,68201000.000,,,,807000.000,,,,70378000.000
GoodwillAllocationAdjustment,,1078000.000,,,,-592000.000,,,,,,,,,,,,
GoodwillForeignCurrencyTranslationGainLoss,,,,,,,,,,,,,,,,,,-2215000.000
GoodwillImpairmentLoss,,,,,,,,,,,,,,,,,,0.000
GoodwillPurchaseAccountingAdjustments,,,,,,,,,,-309000.000,,,,468000.000,,,,489000.000
GoodwillTranslationAdjustments,,1681000.000,,,,-2693000.000,,,,1794000.000,,,,-6947000.000,,,,
ImpairmentOfLongLivedAssetsHeldForUse,,,,,,,,,,0.000,,,,0.000,,,,0.000
IncomeLossFromContinuingOperationsBeforeIncomeTaxesMinorityInterestAndIncomeLossFromEquityMethodInvestments,-4089000.000,-6665000.000,-4111000.000,-6280000.000,-5870000.000,-5794000.000,-3568000.000,-3323000.000,-2887000.000,-454000.000,6051000.000,5887000.000,3445000.000,3136000.000,-12704000.000,10135000.000,7628000.000,5003000.000
IncomeTaxExpenseBenefit,-1412000.000,-2342000.000,-804000.000,-1654000.000,-3187000.000,-2202000.000,-785000.000,-1072000.000,-1297000.000,-165000.000,2519000.000,2472000.000,-391000.000,1112000.000,-4841000.000,2980000.000,3353000.000,1743000.000
IncomeTaxesPaidNet,,1228000.000,,,,3404000.000,,,,-1042000.000,,,,2703000.000,,,,4457000.000
IncreaseDecreaseInAccountsPayableAndAccruedLiabilities,,3469000.000,,,,4643000.000,,,,9612000.000,,,,4668000.000,,,,-2729000.000
IncreaseDecreaseInAccountsReceivable,,4910000.000,,,,11725000.000,,,,12501000.000,,,,14763000.000,,,,7562000.000
IncreaseDecreaseInInterestPayableNet,,-5428000.000,,,,-5990000.000,,,,-5457000.000,,,,-5640000.000,,,,7169000.000
IncreaseDecreaseInOtherOperatingLiabilities,,-387000.000,,,,-360000.000,,,,-50000.000,,,,-784000.000,,,,-2313000.000
IncreaseDecreaseInPrepaidDeferredExpenseAndOtherAssets,,357000.000,,,,198000.000,,,,1715000.000,,,,-1010000.000,,,,2184000.000
IncrementalCommonSharesAttributableToShareBasedPaymentArrangements,,,,,,,,,,,2488000.000,2396000.000,,2262000.000,,1774000.000,,1557000.000
InterestAndDebtExpense,-4722000.000,6462000.000,6556000.000,7136000.000,7814000.000,-7578000.000,7541000.000,7320000.000,22248000.000,7577000.000,7904000.000,8361000.000,8135000.000,8004000.000,28567000.000,8000000.000,7966000.000,8399000.000
InterestExpense,,514000.000,534000.000,564000.000,588000.000,,,,,580000.000,580000.000,583000.000,557000.000,587000.000,9948000.000,8000000.000,15383000.000,8399000.000
InterestPaid,,,,,,,,,,,,,,12979000.000,,,,825000.000
InterestPaidNet,,11570000.000,,,,12796000.000,,,,12488000.000,,,,,,,,
LeaseAndRentalExpense,,2300000.000,2400000.000,2400000.000,2600000.000,3000000.000,3100000.000,3100000.000,3300000.000,3500000.000,3700000.000,3900000.000,5900000.000,4200000.000,4500000.000,4400000.000,4700000.000,5100000.000
NetCashProvidedByUsedInFinancingActivities,,-5181000.000,,,,1996000.000,,,,95404000.000,,,,5933000.000,,,,45719000.000
NetCashProvidedByUsedInFinancingActivitiesContinuingOperations,,-5181000.000,,,,1996000.000,,,,95404000.000,,,,5933000.000,,,,45719000.000
NetCashProvidedByUsedInInvestingActivities,,356000.000,,,,-1770000.000,,,,-103202000.000,,,,-1057000.000,,,,-93857000.000
NetCashProvidedByUsedInInvestingActivitiesContinuingOperations,,356000.000,,,,-1770000.000,,,,-103202000.000,,,,-1057000.000,,,,-93857000.000
NetCashProvidedByUsedInOperatingActivities,,4799000.000,,,,-1110000.000,,,,3205000.000,,,,6164000.000,,,,15766000.000
NetCashProvidedByUsedInOperatingActivitiesContinuingOperations,,4799000.000,,,,-1110000.000,,,,3205000.000,,,,6164000.000,,,,15766000.000
NetIncomeLoss,-2677000.000,-4323000.000,-3307000.000,-4626000.000,-2683000.000,-3592000.000,-2783000.000,-2251000.000,-1590000.000,-289000.000,3532000.000,3415000.000,3836000.000,2024000.000,-7863000.000,7155000.000,4275000.000,3260000.000
NonoperatingIncomeExpense,5287000.000,-6573000.000,-6174000.000,-7546000.000,-7758000.000,7530000.000,-7700000.000,-7316000.000,-22155000.000,-7577000.000,-8095000.000,-8355000.000,-8144000.000,-8004000.000,-28567000.000,-8000000.000,-7966000.000,8399000.000
NumberOfOperatingSegments,,,,,,,,,,,,,,4.000,,,,4.000
OperatingIncomeLoss,1198000.000,-92000.000,2063000.000,1266000.000,1888000.000,1736000.000,4132000.000,3993000.000,4208000.000,7123000.000,14146000.000,14242000.000,11589000.000,11140000.000,15863000.000,18135000.000,15594000.000,13402000.000
OtherComprehensiveIncomeForeignCurrencyTransactionAndTranslationAdjustmentNetOfTaxPeriodIncreaseDecrease,-2627000.000,,,,,,,,,,,,,,,,,
OtherComprehensiveIncomeLossBeforeTax,,,,,,,,,,-455000.000,,,,-7971000.000,,,,711000.000
OtherComprehensiveIncomeLossForeignCurrencyTransactionAndTranslationAdjustmentBeforeTax,,,,,,,,,,3279000.000,,,,-13310000.000,,,,-818000.000
OtherComprehensiveIncomeLossForeignCurrencyTransactionAndTranslationAdjustmentNetOfTax,,2450000.000,-1736000.000,4413000.000,-515000.000,-4251000.000,-5731000.000,3046000.000,16917000.000,1432000.000,,,,-9103000.000,,,,1302000.000
OtherComprehensiveIncomeLossForeignCurrencyTranslationAdjustmentTax,,,,,,,,,,1847000.000,,,,-4207000.000,,,,484000.000
OtherComprehensiveIncomeLossNetOfTax,,,,,,,,,,-825000.000,1796000.000,-4956000.000,-4454000.000,-5877000.000,1814000.000,-4607000.000,-2957000.000,1237000.000
OtherComprehensiveIncomeLossNetOfTaxPortionAttributableToParent,,,,,,-7843000.000,,,,,,,,,,,,
OtherComprehensiveIncomeLossTax,,,,,,,,,,370000.000,,,,2094000.000,,,,526000.000
OtherExpenses,,165000.000,-321000.000,-70000.000,,,,,,,191000.000,,,,,,,
OtherNonoperatingIncomeExpense,,,,,,,-205000.000,-3000.000,,,,6000.000,,,,,,
PaymentsForProceedsFromHedgeInvestingActivities,,,,,,,,,,,,,,-4812000.000,,,,-1649000.000
PaymentsForProceedsFromOtherInvestingActivities,,-908000.000,,,,,,,,839000.000,,,,1250000.000,,,,150000.000
PaymentsForRepurchaseOfCommonStock,,387000.000,,,,,,,,,,,,,,,,8006000.000
PaymentsOfFinancingCosts,,414000.000,,,,52000.000,,,,225000.000,,,,,,,,
PaymentsToAcquireBusinessesNetOfCashAcquired,,,,,,,,,,97153000.000,,,,2299000.000,,,,92348000.000
PaymentsToAcquireProductiveAssets,,,,,,,,,,712000.000,2899000.000,2582000.000,4701000.000,2229000.000,2614000.000,2495000.000,3852000.000,-2737000.000
PaymentsToAcquirePropertyPlantAndEquipment,,552000.000,,,,1770000.000,,,,712000.000,,,,2229000.000,,,,2737000.000
ProceedsFromHedgeInvestingActivities,,,,,,,,,,-3356000.000,,,,4812000.000,,,,1649000.000
ProceedsFromLongTermLinesOfCredit,,11000000.000,,,,10000000.000,,,,121012000.000,,,,25478000.000,,,,75000000.000
ProceedsFromPaymentsForOtherFinancingActivities,,-95000.000,,,,,,,,-839000.000,,,,-1250000.000,,,,
ProceedsFromRepaymentsOfOtherDebt,,-3789000.000,,,,-800000.000,,,,4123000.000,,,,-132000.000,,,,-1623000.000
ProvisionForDoubtfulAccounts,,1095000.000,,,,920000.000,,,,1359000.000,,,,1918000.000,,,,2116000.000
RepaymentsOfLinesOfCredit,,-11000000.000,,,,,,,,,,,,,,,,
RepaymentsOfLongTermLinesOfCredit,,11000000.000,,,,10000000.000,,,,50000000.000,,,,29331000.000,,,,25000000.000
RepaymentsOfSubordinatedDebt,,546000.000,,,,,,,,333000.000,,,,,,,,
Revenues,109218000.000,123738000.000,127777000.000,130085000.000,139637000.000,148703000.000,156148000.000,152354000.000,158811000.000,173028000.000,196445000.000,204078000.000,202064000.000,196316000.000,208738000.000,206033000.000,208480000.000,226503000.000
SalesRevenueNet,109218000.000,123738000.000,127777000.000,130085000.000,139637000.000,148703000.000,156148000.000,152354000.000,158811000.000,173028000.000,196445000.000,204078000.000,202064000.000,196316000.000,208738000.000,206033000.000,208480000.000,226503000.000
SellingGeneralAndAdministrativeExpense,22803000.000,28632000.000,27729000.000,28281000.000,28868000.000,33257000.000,34076000.000,31620000.000,34917000.000,40528000.000,42590000.000,43534000.000,44545000.000,42152000.000,42721000.000,40455000.000,41322000.000,47339000.000
ShareBasedCompensation,,4696000.000,,,,4131000.000,,,,5353000.000,4627000.000,4680000.000,5364000.000,6136000.000,6565000.000,5393000.000,4195000.000,5419000.000
ShareBasedCompensationArrangementByShareBasedPaymentAwardEquityInstrumentsOtherThanOptionsForfeitedInPeriod,,,,,,1080000.000,,,,3430.000,,,,7880000.000,,,,130237.000
ShareBasedCompensationArrangementByShareBasedPaymentAwardEquityInstrumentsOtherThanOptionsForfeituresWeightedAverageGrantDateFairValue,,,,,,14.050,,,,13.990,,,,30.460,,,,35.960
ShareBasedCompensationArrangementByShareBasedPaymentAwardEquityInstrumentsOtherThanOptionsGrantsInPeriod,,,,,,508690000.000,,,,293304.000,,,,612637000.000,,,,685280.000
ShareBasedCompensationArrangementByShareBasedPaymentAwardEquityInstrumentsOtherThanOptionsGrantsInPeriodWeightedAverageGrantDateFairValue,,,,,,14.080,,,,32.510,,,,40.540,,,,27.680
ShareBasedCompensationArrangementByShareBasedPaymentAwardEquityInstrumentsOtherThanOptionsVestedInPeriod,,,,,,,,,,139659.000,,,,176848000.000,,,,238094.000
ShareBasedCompensationArrangementByShareBasedPaymentAwardEquityInstrumentsOtherThanOptionsVestedInPeriodWeightedAverageGrantDateFairValue,,,,,,,,,,14.120,,,,18.000,,,,24.280
ShareBasedCompensationArrangementByShareBasedPaymentAwardFairValueAssumptionsExpectedDividendRate,,,,,,0.000,,,,,,,,,,,,
ShareBasedCompensationArrangementByShareBasedPaymentAwardFairValueAssumptionsExpectedVolatilityRate,,0.459,,,,0.487,,,,,,,,0.486,,,,
ShareBasedCompensationArrangementByShareBasedPaymentAwardFairValueAssumptionsRiskFreeInterestRate,,0.011,,,,0.010,,,,,,,,0.020,,,,
ShareBasedCompensationArrangementByShareBasedPaymentAwardOptionsForfeituresInPeriod,,-247306.000,,,,137202.000,,,,65839.000,,,,15000.000,,,,46346.000
ShareBasedCompensationArrangementByShareBasedPaymentAwardOptionsGrantsInPeriod,,,,,,,,,,448000.000,,,,,,,,
ShareBasedCompensationArrangementByShareBasedPaymentAwardOptionsGrantsInPeriodGrantDateIntrinsicValue,,9800000.000,,,,,,,,6900000.000,,,,,,,,
ShareBasedCompensationArrangementByShareBasedPaymentAwardOptionsGrantsInPeriodGross,,2314976.000,,,,365000.000,,,,448125.000,,,,30000.000,,,,
ShareBasedCompensationArrangementByShareBasedPaymentAwardOptionsGrantsInPeriodWeightedAverageGrantDateFairValue,,4.230,,,,6.630,,,,15.490,,,,19.370,,,,
ShareBasedCompensationArrangementsByShareBasedPaymentAwardOptionsExercisesInPeriodWeightedAverageExercisePrice,,5.910,,,,8.580,,,,14.580,,,,14.040,,,,9.990
ShareBasedCompensationArrangementsByShareBasedPaymentAwardOptionsForfeituresInPeriodWeightedAverageExercisePrice,,17.130,,,,15.340,,,,20.340,,,,25.440,,,,33.130
ShareBasedCompensationArrangementsByShareBasedPaymentAwardOptionsGrantsInPeriodWeightedAverageExercisePrice,,9.530,,,,14.240,,,,31.510,,,,40.220,,,,
ShareBasedGoodsAndNonemployeeServicesTransactionValuationMethodExpectedDividendRate,,0.000,,,,,,,,,,,,,,,,
StockIssuedDuringPeriodSharesRestrictedStockAwardGross,,,,,,231000.000,,,,,,,,,,,,
StockIssuedDuringPeriodSharesShareBasedCompensationGross,,,,,,303000.000,,,,,,,,,,,,
StockIssuedDuringPeriodSharesStockOptionsExercised,,-8077.000,,,,334121.000,,,,973146.000,,,,630820.000,,,,74121.000
StockIssuedDuringPeriodValueRestrictedStockAwardGross,,,,,,3200000.000,,,,,,,,,,,,
StockRepurchaseProgramRemainingAuthorizedRepurchaseAmount,,,,,,10200000.000,,,,10200000.000,,,,,,,,
TranslationAdjustmentForNetInvestmentHedgeIncreaseDecreaseGrossOfTax,,,,,,,,,,,,,,,,,,-107000.000
TranslationAdjustmentForNetInvestmentHedgeNetOfTaxPeriodIncreaseDecrease,,,,,,,,,,,,,,,,,,-65000.000
TreasuryStockAcquiredAverageCostPerShare,,,,,,9.380,,,,9.380,,,,9.380,,,,25.850
TreasuryStockSharesAcquired,,39000.000,,,,,,,,0.000,,,,0.000,,,,310000.000
TreasuryStockValueAcquiredParValueMethod,,,,,,,,,,,,,,,,,,8000000.000
UnrecognizedTaxBenefitsDecreasesResultingFromSettlementsWithTaxingAuthorities,,0.000,,,,0.000,,,,,,,,0.000,,,,0.000
UnrecognizedTaxBenefitsIncreasesResultingFromCurrentPeriodTaxPositions,,0.000,,,,0.000,,,,,,,,0.000,,,,445000.000
UnrecognizedTaxBenefitsIncreasesResultingFromPriorPeriodTaxPositions,,5000.000,,,,6000.000,,,,5000.000,,,,11000.000,,,,95000.000
UnrecognizedTaxBenefitsPeriodIncreaseDecrease,,5000.000,,,,6000.000,,,,,,,,,,,,
UnrecognizedTaxBenefitsReductionsResultingFromLapseOfApplicableStatuteOfLimitations,,0.000,,,,0.000,,,,,,,,0.000,,,,
WeightedAverageNumberOfDilutedSharesOutstanding,34732028.000,34085761.000,34074137.000,34116062.000,-68134862.000,,,,,,40939576.000,41647190.000,,42680000.000,41015000.000,43158000.000,-83809000.000,42362000.000
WeightedAverageNumberOfShareOutstandingBasicAndDiluted,,,,,,34464664.000,34910937.000,35560227.000,,37088923.000,,,,,,,,
WeightedAverageNumberOfSharesOutstandingBasic,34732028.000,,,,,,,,,,38451848.000,39251221.000,,40418000.000,41015000.000,41384000.000,-81706000.000,40805000.000
WriteOffOfDeferredDebtIssuanceCost,-621000.000,,,,,,,,,,,,,,,,,
