,2011-09-30,2011-12-31,2012-03-31,2012-06-30,2012-09-30,2012-12-31,2013-03-31,2013-06-30,2013-09-30,2013-12-31,2014-03-31,2014-06-30,2014-09-30,2014-12-31,2015-03-31,2015-06-30,2015-09-30,2015-12-31,2016-03-31,2016-06-30,2016-09-30,2016-12-31,2017-03-31
AcquisitionCosts,,,,,11383000.000,1634000.000,72000.000,,587000.000,165000.000,36000.000,,3249000.000,,,,,,,,,,
AdjustmentsToAdditionalPaidInCapitalMarkToMarket,,,,,,,,,,,,,,,,,,12400000.000,,,,,
AdjustmentsToAdditionalPaidInCapitalSharebasedCompensationRequisiteServicePeriodRecognitionValue,210000.000,,,,214000.000,211000.000,214000.000,214000.000,232000.000,80000.000,50000.000,69000.000,100000.000,,,,43600000.000,,,,24300000.000,,
AdjustmentsToAdditionalPaidInCapitalTaxEffectFromShareBasedCompensation,,,,,,,,,,,,,,,,,7900000.000,,,,,,
AllocatedShareBasedCompensationExpense,3704000.000,10372000.000,5624000.000,6553000.000,10481000.000,33445000.000,23453000.000,37669000.000,42684000.000,56685000.000,64964000.000,89028000.000,-123100000.000,-6000000.000,40700000.000,289100000.000,46100000.000,,,,,34500000.000,26500000.000
AmortizationOfDebtDiscountPremium,,,,,3003000.000,,,,,,,,,,,,,,,,,,
AmortizationOfFinancingCosts,,,,,,,,,,,,,,,,,2500000.000,2500000.000,2600000.000,2400000.000,2200000.000,2200000.000,2500000.000
AmortizationOfFinancingCostsAndDiscounts,616000.000,,,,8642000.000,,,,6512000.000,,,,2700000.000,,,,,,,,,,
AmortizationOfIntangibleAssets,,,,,11018000.000,,,,,,,,,,,,,,,,,,
BusinessAcquisitionsProFormaIncomeLossFromContinuingOperationsBeforeChangesInAccountingAndExtraordinaryItemsNetOfTax,,,,,-48681000.000,-19451000.000,-8314000.000,-164236000.000,-27232000.000,-36314000.000,-43660000.000,-75947000.000,-110300000.000,3700000.000,-61000000.000,-14800000.000,,,-20500000.000,,,,
BusinessAcquisitionsProFormaNetIncomeLoss,,,,,,,,,,,,,,,,,,,,,,19800000.000,16300000.000
BusinessAcquisitionsProFormaRevenue,,,,,236434000.000,250740000.000,251449000.000,279339000.000,267865000.000,273599000.000,279360000.000,337721000.000,320600000.000,323900000.000,357400000.000,418300000.000,,,493500000.000,,,506700000.000,635600000.000
BusinessCombinationAcquisitionRelatedCosts,,,,,,1634000.000,72000.000,,587000.000,165000.000,36000.000,3707000.000,-3200000.000,1300000.000,1500000.000,6300000.000,0.000,3300000.000,14200000.000,4000000.000,3000000.000,6200000.000,8400000.000
CapitalExpendituresIncurredButNotYetPaid,1096000.000,,,,11449000.000,,,,-14228000.000,,,,6000000.000,,,,11000000.000,,,,11400000.000,,
CapitalLeaseObligationsIncurred,,,,,,,,,3275000.000,,,,1600000.000,,,,5300000.000,,,,3300000.000,,
CashAndCashEquivalentsPeriodIncreaseDecrease,-4548000.000,,,,63037000.000,,,,4285000.000,,,,-130100000.000,,,,37100000.000,,,,22200000.000,,
CashProvidedByUsedInOperatingActivitiesDiscontinuedOperations,,,,,1544000.000,,,,0.000,,,,,,,,,,,,,,
ComprehensiveIncomeNetOfTax,,,,,-47163000.000,-20066000.000,-17652000.000,-62631000.000,-18437000.000,-32661000.000,-42204000.000,-67964000.000,-122600000.000,-5000000.000,-68200000.000,18400000.000,-19200000.000,-18500000.000,12700000.000,-38800000.000,12400000.000,-4300000.000,30700000.000
CostOfServicesExcludingDepreciationDepletionAndAmortization,,,22388000.000,,,,,,,,,,,97800000.000,100900000.000,,113000000.000,112200000.000,170800000.000,182700000.000,173800000.000,179900000.000,195000000.000
CurrentFederalTaxExpenseBenefit,,,,,,,,,,,,,1500000.000,1600000.000,-1700000.000,300000.000,100000.000,700000.000,100000.000,-2200000.000,,,
CurrentForeignTaxExpenseBenefit,,,,,,,,,,,,,800000.000,,,,200000.000,1000000.000,-400000.000,3100000.000,,,
CurrentIncomeTaxExpenseBenefit,,,,,,,,,,,,,3200000.000,2500000.000,1000000.000,-2200000.000,700000.000,4800000.000,1800000.000,4000000.000,,,
CurrentStateAndLocalTaxExpenseBenefit,,,,,,,,,,,,,900000.000,900000.000,2700000.000,-100000.000,400000.000,3100000.000,2100000.000,3100000.000,,,
DebtIssuanceCosts,,,,,,,,,,,,,,,,,99300000.000,,,,,,
DeferredFederalIncomeTaxExpenseBenefit,,,,,,,,,,,,,6300000.000,-5200000.000,-15700000.000,6000000.000,1700000.000,8200000.000,4700000.000,-7300000.000,,,
DeferredForeignIncomeTaxExpenseBenefit,,,,,,,,,,,,,-300000.000,-200000.000,1500000.000,1300000.000,500000.000,100000.000,100000.000,-8500000.000,,,
DeferredIncomeTaxExpenseBenefit,4462000.000,,,,-29796000.000,,,,8603000.000,,,,6200000.000,-6800000.000,-19400000.000,6800000.000,2000000.000,6300000.000,6000000.000,-17100000.000,4800000.000,,
DeferredStateAndLocalIncomeTaxExpenseBenefit,,,,,,,,,,,,,200000.000,-1400000.000,-5200000.000,-500000.000,-200000.000,-2000000.000,1200000.000,-1300000.000,,,
Depreciation,,,,,43482000.000,,,,,,,,,,,,,,,,,,
DepreciationAndAmortization,17062000.000,19820000.000,23798000.000,24281000.000,54500000.000,57978000.000,60759000.000,149443000.000,80575000.000,81257000.000,83392000.000,91183000.000,96000000.000,96900000.000,100100000.000,113200000.000,117100000.000,113700000.000,137200000.000,148300000.000,138500000.000,131400000.000,155700000.000
DepreciationDepletionAndAmortization,17062000.000,,,,54500000.000,,,,80575000.000,,,,96000000.000,,,,,,,,,,
DiscontinuedOperationIncomeLossFromDiscontinuedOperationBeforeIncomeTax,,,,,3011000.000,,,,0.000,,,,,,,,,,,,,,
DiscontinuedOperationIntercompanyAmountsWithDiscontinuedOperationBeforeDisposalTransactionCosts,,,,,1544000.000,,,,,,,,,,,,,,,,,,
DiscontinuedOperationTaxEffectOfDiscontinuedOperation,,,,,1203000.000,,,,0.000,,,,,,,,,,,,,,
DisposalGroupIncludingDiscontinuedOperationRevenue,,,,,6474000.000,,,,0.000,,,,,,,,,,,,,,
EffectOfExchangeRateOnCashAndCashEquivalents,,,,,208000.000,,,,123000.000,,,,-700000.000,,,,-1200000.000,,,,-2000000.000,,
EffectiveIncomeTaxRateReconciliationAtFederalStatutoryIncomeTaxRate,,,,,,,,,,,,,,,,,,,,,0.298,,
EffectiveIncomeTaxRateReconciliationForeignIncomeTaxRateDifferential,,,,,,,,,,,,,,,,,,,,,0.074,,
ExcessTaxBenefitFromShareBasedCompensationFinancingActivities,,,,,,,,,,,,,,,,,7900000.000,,,,,,
ExcessTaxBenefitFromShareBasedCompensationOperatingActivities,,,,,,,,,,,,,,,,,7900000.000,,,,,,
ExtinguishmentOfDebtAmount,,,,,350000000.000,,,,,,,,,,,,,,,,,,
ForeignCurrencyTransactionGainLossBeforeTax,,,,,,,,,,,,,,-13300000.000,-13200000.000,,-10700000.000,-7100000.000,-11100000.000,-24900000.000,-11200000.000,-17400000.000,3900000.000
ForeignCurrencyTransactionGainLossUnrealized,,,,,,,,,,,,,,,,,-10700000.000,-7100000.000,-11100000.000,,,,
GainLossOnInvestments,,,,,,,,,,,,,,-500000.000,,,,,,,,,
GainsLossesOnExtinguishmentOfDebt,,,,,-64975000.000,-5707000.000,-6571000.000,0.000,0.000,-1911000.000,0.000,0.000,,-30900000.000,-54900000.000,,,,,,,,-4500000.000
GoodwillAcquiredDuringPeriod,,,,,,,,,,,,,,,,,500000.000,,,,,,
GoodwillAllocationAdjustment,,,,,-2490000.000,,,,,,,,,,,,,,,,,,
GoodwillForeignCurrencyTranslationGainLoss,,,,,,,,,,,,,,,,,,,,,-3900000.000,,
GoodwillPeriodIncreaseDecrease,,,,,1093935000.000,,,,,,,,-15800000.000,,,,,,,,,,
GoodwillPurchaseAccountingAdjustments,,,,,,,6887000.000,,356000.000,3536000.000,3829000.000,,1100000.000,,,,,,,,,,
GoodwillTranslationAdjustments,,,,,3180000.000,,,,2865000.000,,,,6700000.000,,,,-5100000.000,,,,,,
GoodwillTranslationAndPurchaseAccountingAdjustments,,,,,,,,,,,,,-7800000.000,,,,,,,,,,
GrossProfit,,,,,196976000.000,,,,,,,,,,,,,,,,,,
ImpairmentOfInvestments,,,,,,,,,,,,,,,,,200000.000,400000.000,600000.000,0.000,300000.000,200000.000,200000.000
IncomeLossFromContinuingOperationsBeforeIncomeTaxesDomestic,,,,,,,,,,,,,-92300000.000,100000.000,-76900000.000,9700000.000,-13700000.000,1600000.000,-3500000.000,-31300000.000,,,
IncomeLossFromContinuingOperationsBeforeIncomeTaxesExtraordinaryItemsNoncontrollingInterest,7752000.000,1925000.000,8514000.000,5517000.000,-80743000.000,-13973000.000,4991000.000,-78886000.000,-19362000.000,-28617000.000,-32416000.000,-62233000.000,-100900000.000,-600000.000,-72100000.000,9800000.000,-12500000.000,300000.000,-11500000.000,-44000000.000,22300000.000,20000000.000,27600000.000
IncomeLossFromContinuingOperationsBeforeIncomeTaxesForeign,,,,,,,,,,,,,-8600000.000,-700000.000,4800000.000,100000.000,1200000.000,-1300000.000,-8000000.000,-12700000.000,,,
IncomeLossFromContinuingOperationsIncludingPortionAttributableToNoncontrollingInterest,3148000.000,-1069000.000,-2652000.000,-5276000.000,-53423000.000,-19998000.000,-8314000.000,-62830000.000,-27896000.000,-36315000.000,-43743000.000,-72523000.000,,,-53700000.000,,,,,,,,
IncomeLossFromDiscontinuedOperationsNetOfTax,,,,,1808000.000,0.000,0.000,0.000,0.000,0.000,0.000,0.000,,,,,,,,,,,
IncomeLossFromEquityMethodInvestments,,,,,,,,,0.000,0.000,0.000,0.000,0.000,,,,,,0.000,,,,
IncomeTaxExpenseBenefit,4604000.000,2994000.000,11166000.000,10793000.000,-27320000.000,6025000.000,13305000.000,-16056000.000,8534000.000,7698000.000,11327000.000,10290000.000,9400000.000,-4300000.000,-18400000.000,4600000.000,2700000.000,11100000.000,7800000.000,-13100000.000,6600000.000,200000.000,600000.000
IncomeTaxReconciliationChangeInDeferredTaxAssetsValuationAllowance,,,,,,,,,,,,,,,,,,,,,,-4400000.000,-2000000.000
IncomeTaxReconciliationForeignIncomeTaxRateDifferential,,,,,-459000.000,-228000.000,-409000.000,-1168000.000,-666000.000,-943000.000,1063000.000,1537000.000,1100000.000,-300000.000,-100000.000,-100000.000,-100000.000,400000.000,500000.000,1900000.000,,400000.000,-1800000.000
IncomeTaxReconciliationIncomeTaxExpenseBenefitAtFederalStatutoryIncomeTaxRate,,,,,-28257000.000,-4893000.000,1747000.000,-27643000.000,-6779000.000,-9943000.000,-11241000.000,-21896000.000,-35300000.000,-300000.000,-25300000.000,3600000.000,-4200000.000,-100000.000,-3900000.000,-15600000.000,,7100000.000,9600000.000
IncomeTaxReconciliationNondeductibleExpenseOther,,,,,910000.000,35000.000,25000.000,287000.000,192000.000,-64000.000,73000.000,558000.000,200000.000,100000.000,300000.000,100000.000,,500000.000,600000.000,,,200000.000,1500000.000
IncomeTaxReconciliationNondeductibleExpenseShareBasedCompensationCost,,,,,3668000.000,10912000.000,8175000.000,12821000.000,14939000.000,19840000.000,23021000.000,38542000.000,47300000.000,-5100000.000,8800000.000,8400000.000,7400000.000,10000000.000,5200000.000,5300000.000,,2400000.000,
IncomeTaxReconciliationOtherAdjustments,,,,,,,2021000.000,,,,,,,,,,,,,,,,
IncomeTaxReconciliationOtherReconcilingItems,,,,,323000.000,-264000.000,492000.000,,65000.000,65000.000,-20000.000,,600000.000,1300000.000,1700000.000,-6100000.000,200000.000,200000.000,5600000.000,-2900000.000,,-1000000.000,5800000.000
IncomeTaxReconciliationPriorYearIncomeTaxes,,,,,,,,,,,-514000.000,,,,,,,,,,,,
IncomeTaxReconciliationStateAndLocalIncomeTaxes,,,,,-3505000.000,463000.000,1254000.000,-413000.000,783000.000,1343000.000,-1055000.000,-7590000.000,-4500000.000,,-3800000.000,,-600000.000,100000.000,-200000.000,-1400000.000,,800000.000,600000.000
IncomeTaxesPaidNet,323000.000,,,,568000.000,,,,485000.000,,,,8700000.000,,,,4700000.000,,,,1900000.000,,
IncreaseDecreaseInAccountsPayableAndAccruedLiabilities,-5268000.000,,,,41521000.000,,,,-32567000.000,,,,-46800000.000,,,,24500000.000,,,,5600000.000,,
IncreaseDecreaseInAccountsPayableRelatedParties,169000.000,,,,-993000.000,,,,-140000.000,,,,-200000.000,,,,100000.000,,,,,,
IncreaseDecreaseInAccountsReceivable,,,,,,,,,,,,,,,,,5600000.000,,,,1900000.000,,
IncreaseDecreaseInCustomerAdvances,10182000.000,,,,,,,,,,,,,,,,,,,,,,
IncreaseDecreaseInDeferredRevenue,,,,,2899000.000,,,,24032000.000,,,,43200000.000,,,,49700000.000,,,,40900000.000,,
IncreaseDecreaseInOtherOperatingAssets,-201000.000,,,,1291000.000,,,,2307000.000,,,,5100000.000,,,,,,,,,,
IncreaseDecreaseInOtherOperatingCapitalNet,,,,,,,,,,,,,,,,,12400000.000,,,,-9600000.000,,
IncreaseDecreaseInOtherOperatingLiabilities,20000.000,,,,-70000.000,,,,-1105000.000,,,,9500000.000,,,,,,,,,,
IncreaseDecreaseInPrepaidExpense,498000.000,,,,-4946000.000,,,,-1612000.000,,,,2100000.000,,,,-2200000.000,,,,,,
IncreaseDecreaseInReceivables,7141000.000,,,,16042000.000,,,,-5604000.000,,,,-4000000.000,,,,,,,,,,
IncreaseDecreaseInRestrictedCash,,,,,-22415000.000,,,,0.000,,,,,,,,,,,,,,
InterestCostsCapitalized,,,,,2960000.000,,,,,,,,,,,,,,,,,,
InterestExpense,9168000.000,11504000.000,14450000.000,15598000.000,62555000.000,52635000.000,49618000.000,37656000.000,51497000.000,50277000.000,49131000.000,52603000.000,-46900000.000,53400000.000,60700000.000,146800000.000,53800000.000,51200000.000,57700000.000,,,,63000000.000
InterestIncomeExpenseNonoperatingNet,,,,,,,,,,,,,,,-60700000.000,,-53800000.000,-51200000.000,-57700000.000,-57400000.000,-53300000.000,-53700000.000,-63000000.000
InterestPaid,18344000.000,,,,8062000.000,,,,74994000.000,,,,73600000.000,,,,29300000.000,,,,13200000.000,,
NetCashProvidedByUsedInContinuingOperations,,,,,61285000.000,,,,4162000.000,,,,-129400000.000,,,,38300000.000,,,,24200000.000,,
NetCashProvidedByUsedInDiscontinuedOperations,,,,,,,,,0.000,,,,,,,,,,,,,,
NetCashProvidedByUsedInFinancingActivities,-129000.000,,,,2377036000.000,,,,-2749000.000,,,,-5800000.000,,,,2600000.000,,,,-1700000.000,,
NetCashProvidedByUsedInFinancingActivitiesContinuingOperations,-129000.000,,,,2377036000.000,,,,-2749000.000,,,,-5800000.000,,,,2600000.000,,,,-1700000.000,,
NetCashProvidedByUsedInInvestingActivities,-28644000.000,,,,-2394821000.000,,,,-86966000.000,,,,-241800000.000,,,,-159500000.000,,,,-206800000.000,,
NetCashProvidedByUsedInInvestingActivitiesContinuingOperations,-28644000.000,,,,-2394821000.000,,,,-86966000.000,,,,-241800000.000,,,,-159500000.000,,,,-206800000.000,,
NetCashProvidedByUsedInOperatingActivities,24225000.000,,,,79070000.000,,,,93877000.000,,,,118200000.000,,,,195200000.000,,,,232700000.000,,
NetCashProvidedByUsedInOperatingActivitiesContinuingOperations,24225000.000,,,,79070000.000,,,,93877000.000,,,,118200000.000,,,,195200000.000,,,,232700000.000,,
NetIncomeLoss,3148000.000,-1069000.000,-2652000.000,-5276000.000,-51615000.000,-19998000.000,-8314000.000,-62830000.000,-27896000.000,-36315000.000,-43743000.000,-72523000.000,-110300000.000,3700000.000,-53700000.000,5200000.000,-15200000.000,-10800000.000,-19300000.000,-30900000.000,15700000.000,19800000.000,27000000.000
NonoperatingIncomeExpense,-9179000.000,-11523000.000,-14298000.000,-17845000.000,-126945000.000,-58118000.000,-56697000.000,-37631000.000,-50834000.000,-51708000.000,-49006000.000,-48832000.000,-61600000.000,-97700000.000,-128800000.000,-45000000.000,-64600000.000,-58400000.000,-69000000.000,-116000000.000,-64700000.000,-70700000.000,-63100000.000
NumberOfBusinessesAcquired,,,,,,,,,26.000,,,,,,,,,,,,,,
OperatingExpenses,61512000.000,75526000.000,82230000.000,86222000.000,183491000.000,199359000.000,189761000.000,304694000.000,232873000.000,250508000.000,261448000.000,304329000.000,359900000.000,226800000.000,284000000.000,307100000.000,314700000.000,310900000.000,420500000.000,435300000.000,417900000.000,416000000.000,459500000.000
OperatingIncomeLoss,16931000.000,13448000.000,22812000.000,23362000.000,46202000.000,44145000.000,61688000.000,-41255000.000,31472000.000,23091000.000,16590000.000,-13401000.000,-39300000.000,97100000.000,56700000.000,54800000.000,52100000.000,58700000.000,57500000.000,72000000.000,87000000.000,90700000.000,90700000.000
OtherComprehensiveIncomeLossForeignCurrencyTransactionAndTranslationAdjustmentNetOfTax,,,,,4452000.000,-68000.000,-9338000.000,199000.000,9459000.000,3654000.000,1539000.000,4559000.000,-12300000.000,-8700000.000,-14500000.000,13200000.000,-4000000.000,-7700000.000,32000000.000,-7900000.000,-2100000.000,-24100000.000,3700000.000
OtherComprehensiveIncomeLossPensionAndOtherPostretirementBenefitPlansAdjustmentNetOfTax,,,,,,,,,,,,,,,,,,,,,1200000.000,,
OtherNonoperatingIncomeExpense,-11000.000,-19000.000,152000.000,1000.000,585000.000,224000.000,-508000.000,25000.000,663000.000,480000.000,125000.000,3771000.000,-14700000.000,-100000.000,,,-100000.000,-100000.000,-200000.000,100000.000,-200000.000,400000.000,500000.000
PaidInKindInterest,,,,,,,,,,,,,,,,,3500000.000,,,,2600000.000,,
PartnersCapitalAccountContributions,,,,,337203000.000,,,,1881000.000,,,,,,,,,,,,,,
PaymentsForProceedsFromOtherInvestingActivities,-2798000.000,,,,-3507000.000,,,,0.000,,,,,,,,300000.000,,,,-1500000.000,,
PaymentsOfDebtExtinguishmentCosts,,,,,39797000.000,,,,0.000,,,,,,,,,,,,,,
PaymentsOfDebtIssuanceCosts,,,,,,,,,,,,,,,,,,,,,700000.000,,
PaymentsOfDividends,,,,,,,,,,,,,0.000,,,,,,,,,,
PaymentsOfFinancingCosts,,,,,82508000.000,,,,183000.000,1695000.000,,,0.000,,,,,,,,,,
PaymentsToAcquireBusinessesNetOfCashAcquired,,,,,,,,,294000.000,,,,126500000.000,,,,300000.000,,,,-1500000.000,,
PaymentsToAcquirePropertyPlantAndEquipment,31442000.000,,,,70163000.000,,,,86672000.000,,,,115300000.000,129500000.000,130100000.000,155500000.000,159200000.000,172400000.000,185100000.000,187400000.000,208300000.000,213600000.000,208300000.000
ProceedsFromContributedCapital,100000.000,,,,,,,,,,,,,,,,,,,,,,
ProceedsFromContributionsFromParent,100000.000,,,,337203000.000,,,,1881000.000,,,,0.000,,,,,,,,,,
ProceedsFromIssuanceOfSeniorLongTermDebt,,,,,2840000000.000,,,,0.000,,,,,,,,,,,,,,
ProvisionForDoubtfulAccounts,148000.000,,,,535000.000,,,,409000.000,,,,600000.000,,,,600000.000,,,,900000.000,,
RecognitionOfDeferredRevenue,2580000.000,,,,7814000.000,,,,12139000.000,,,,17300000.000,,,,20400000.000,,,,27500000.000,,
RedemptionPremium,,,,,,,,,,,,,,23800000.000,,,,,,,,,
RelatedPartyTransactionAmountsOfTransaction,,,,,,,,,,143000.000,0.000,,430000.000,,,,,,,,,,
RelatedPartyTransactionSellingGeneralAndAdministrativeExpensesFromTransactionsWithRelatedParty,,,,,,,,,241000.000,219000.000,212000.000,,,,,,,,,,,,
RepaymentsOfLongTermCapitalLeaseObligations,229000.000,,,,378000.000,,,,397000.000,,,,700000.000,,,,1200000.000,,,,1000000.000,,
RepaymentsOfLongTermDebt,,,,,697475000.000,,,,4050000.000,,,,5100000.000,,,,4100000.000,,,,,,
RepaymentsOfRelatedPartyDebt,,,,,,,,,,,,,0.000,,,,,,,,,,
RevenueFromGrants,,,,,3507000.000,,,,,,,,,,,,,,,,,,
RevenueFromRelatedParties,,,,,1699000.000,3160000.000,3215000.000,3431000.000,3052000.000,3094000.000,3005000.000,,,,,,,,,,,,
Revenues,78443000.000,88974000.000,105042000.000,109584000.000,229693000.000,243504000.000,251449000.000,263439000.000,264345000.000,273599000.000,278038000.000,290928000.000,320600000.000,323900000.000,340700000.000,361900000.000,366800000.000,369600000.000,478000000.000,507300000.000,504900000.000,506700000.000,550200000.000
RevenuesFromTransactionsWithOtherOperatingSegmentsOfSameEntity,,,,,-3543000.000,-2035000.000,6969000.000,,,,,,,,,,,,,,,,
SalesRevenueNet,78443000.000,88974000.000,105042000.000,109584000.000,229693000.000,243504000.000,251449000.000,263439000.000,264345000.000,273599000.000,278038000.000,290928000.000,320600000.000,323900000.000,340700000.000,361900000.000,366800000.000,369600000.000,478000000.000,507300000.000,504900000.000,506700000.000,550200000.000
SellingGeneralAndAdministrativeExpense,22596000.000,26059000.000,30420000.000,32620000.000,85793000.000,73048000.000,70419000.000,188770000.000,117416000.000,134224000.000,142698000.000,176888000.000,156600000.000,32100000.000,83000000.000,86400000.000,84600000.000,85000000.000,112500000.000,104300000.000,105600000.000,104700000.000,108800000.000
ShareBasedCompensation,3704000.000,,,,10481000.000,,,,42684000.000,,64964000.000,,123100000.000,,,,46100000.000,42900000.000,33500000.000,33400000.000,32000000.000,34500000.000,26500000.000
ShareBasedCompensationArrangementByShareBasedPaymentAwardEquityInstrumentsOtherThanOptionsGrantsInPeriod,,,,,,,,,,,,,,,,,,,,,200425.000,191015.000,171316.000
ShareBasedCompensationArrangementByShareBasedPaymentAwardEquityInstrumentsOtherThanOptionsGrantsInPeriodWeightedAverageGrantDateFairValue,,,,,,,,,,,,,,,,,,,,,47.000,75.560,27.390
StockIssuedDuringPeriodValueShareBasedCompensation,,,,,,,,,,,,,,,,,,,,,24300000.000,,
StockRepurchasedDuringPeriodShares,,,,,,,,,,,,,,,,,,726327.000,3474120.000,,,,
StockRepurchasedDuringPeriodValue,,,,,,,,,,,,,,,,,,17500000.000,81100000.000,,,,
StockholdersEquityOther,,,,,,,,,-27000.000,,,,,,,,,,,,,,
StockholdersEquityPeriodIncreaseDecrease,,,,,26569000.000,,,,,,,,,,,,,,,,,,
SubsidiaryOrEquityMethodInvesteeCumulativePercentageOwnershipAfterAllTransactions,,,,,,,,,1.000,,,,,,,,,,,,,,
