,2011-09-30,2012-03-31,2012-06-30,2012-09-30,2013-03-31,2013-06-30,2013-09-30,2013-12-31,2014-03-31,2014-06-30,2014-09-30,2014-12-31,2015-03-31,2015-06-30,2016-03-31,2016-06-30
AccretionExpense,,,,,,,,,92000.000,,,,,,,
AdjustmentForAmortization,,,,,,,,,491000.000,,,,,,,
AdjustmentsToAdditionalPaidInCapitalShareBasedCompensationStockOptionsRequisiteServicePeriodRecognition,,,,,,,,,479000.000,,,,261000.000,,234000.000,
AdjustmentsToAdditionalPaidInCapitalSharebasedCompensationRequisiteServicePeriodRecognitionValue,,,,,734000.000,,,,,,,,,,,
AllowanceForDoubtfulAccountsReceivableChargeOffs,,,,,252000.000,,,,,,,,,,,
AllowanceForDoubtfulAccountsReceivableWriteOffs,,,,,,,,,,,,,97000.000,,1377000.000,
AmortizationOfFinancingCostsAndDiscounts,,,,,,,,,,,,,176000.000,,189000.000,
AmortizationOfIntangibleAssets,,,,,494000.000,,,,,,,,600000.000,500000.000,500000.000,500000.000
AntidilutiveSecuritiesExcludedFromComputationOfEarningsPerShareAmount,,,,,,,1618000.000,,1771000.000,1845000.000,1844000.000,-3477000.000,2274000.000,2419000.000,2771000.000,2302000.000
BusinessAcquisitionProFormaEarningsPerShareBasic,,,,,0.010,0.020,-0.030,0.100,,,,,,,,
BusinessAcquisitionProFormaEarningsPerShareDiluted,,,,,0.010,0.020,-0.030,0.100,,,,,,,,
BusinessAcquisitionsProFormaNetIncomeLoss,,,,,2557.000,2683000.000,2192000.000,5920443.000,,,,,,,,
BusinessAcquisitionsProFormaRevenue,,,,21800000.000,56892.000,58217000.000,59611000.000,116842108.000,,,,,,,,
CapitalExpendituresIncurredButNotYetPaid,,,,,,,,,,,,,,,597000.000,
CashAndCashEquivalentsPeriodIncreaseDecrease,,,,,-1615000.000,,,,-2907000.000,,,,2790000.000,,-3226000.000,
ComprehensiveIncomeNetOfTax,,,,,63000.000,262000.000,-435000.000,1103000.000,-2953000.000,-6383000.000,-1746000.000,-21318000.000,,,,
ComprehensiveIncomeNetOfTaxAttributableToNoncontrollingInterest,,,,,2484000.000,2408000.000,2555000.000,2304000.000,1862000.000,2451000.000,2667000.000,2534000.000,,,,
ComprehensiveIncomeNetOfTaxIncludingPortionAttributableToNoncontrollingInterest,,,,,2547000.000,2670000.000,2120000.000,3407000.000,-1091000.000,-3932000.000,921000.000,-18784000.000,,,,
ConcentrationRiskPercentage1,,,,,1.000,,,,,,,,,,,
DeferredIncomeTaxExpenseBenefit,,-189000.000,,,96000.000,,,,,,,,-908000.000,,344000.000,
DeferredOtherTaxExpenseBenefit,,,,,,,,,-1970000.000,,,,,,,
DepreciationAndAmortization,,,,,1943000.000,1939000.000,1900000.000,1844000.000,1877000.000,10299000.000,1997000.000,2019000.000,2227000.000,2024000.000,2256000.000,2360000.000
DepreciationDepletionAndAmortization,,,,,1943000.000,,,,1428000.000,,,,2227000.000,,,
EarningsPerShareBasic,,-7.510,-15.160,,0.010,0.030,-0.040,0.100,-0.290,-0.630,-0.170,-2.100,-0.460,-0.200,-0.250,-0.350
EarningsPerShareDiluted,-1.820,-7.510,-15.160,,0.010,0.030,-0.040,0.100,-0.290,-0.630,-0.170,-2.100,-0.460,-0.200,-0.250,-0.350
EquityMethodInvestmentDividendsOrDistributions,,,,,,,,,,,,,,,2209000.000,
EquityMethodInvestmentRealizedGainLossOnDisposal,,,,,,,,,,,,,,,68000.000,
EquityMethodInvestmentSummarizedFinancialInformationIncomeLossFromContinuingOperationsBeforeExtraordinaryItems,,,,,,,,,7082000.000,,,,,,,
EquityMethodInvestmentSummarizedFinancialInformationNetIncomeLoss,,,,,,,,,7082000.000,,,,,,,
EquityMethodInvestmentSummarizedFinancialInformationRevenue,,,,,,,,,32607000.000,,,,,,,
FairValueInputsDiscountRate,,,,,0.120,,,,,,,,,,,
FairValueOfAssetsAcquired,,,,,,,,,247000.000,,,,1063000.000,,,
GainLossOnDispositionOfAssets,,,,,53000.000,,,,2000.000,,,,3000.000,,,
GoodwillPeriodIncreaseDecrease,,,,,196000.000,,,,,,,,,,,
HealthCareOrganizationAllowanceForDoubtfulAccountsPercentageOfAccountsReceivable,,,,,0.019,,,,0.011,-0.017,-0.021,0.046,0.027,0.024,0.047,0.028
HealthCareOrganizationCapitationRevenue,,,,,,,,,13218000.000,15642000.000,18500000.000,19184000.000,23071000.000,24020000.000,28275000.000,28557000.000
HealthCareOrganizationMedicalSuppliesAndDrugsExpense,,,,,5280000.000,6194000.000,8459000.000,9266000.000,17740000.000,18282000.000,,,,,,
HealthCareOrganizationPatientServiceRevenue,,,,,46486000.000,45633000.000,49633000.000,39335000.000,44702000.000,45566000.000,48907000.000,48249000.000,45151000.000,48367000.000,50368000.000,48598000.000
HealthCareOrganizationPatientServiceRevenueLessProvisionForBadDebts,,,,,45631000.000,45740000.000,48052000.000,38863000.000,44206000.000,44799000.000,47894000.000,47033000.000,43951000.000,47229000.000,48111000.000,47291000.000
HealthCareOrganizationPatientServiceRevenueProvisionforBadDebts,,,,,855000.000,-107000.000,1581000.000,472000.000,496000.000,767000.000,1013000.000,1216000.000,1200000.000,1138000.000,2257000.000,1307000.000
HealthCareOrganizationRevenue,,,,,5279000.000,5386000.000,5492000.000,5224000.000,4759000.000,5429000.000,5742000.000,5638000.000,4856000.000,5411000.000,,
IncomeLossFromContinuingOperationsBeforeIncomeTaxesExtraordinaryItemsNoncontrollingInterest,,,,,,,,,,,,,,-849000.000,-3620000.000,-5459000.000
IncomeLossFromContinuingOperationsBeforeIncomeTaxesMinorityInterestAndIncomeLossFromEquityMethodInvestments,-107000.000,-415000.000,-822000.000,,2896000.000,2834000.000,2009000.000,3062000.000,-1507000.000,-7839000.000,258000.000,-19342000.000,-4599000.000,,,
IncomeLossFromContinuingOperationsPerBasicShare,,,,,,0.030,-0.040,,,,,,,,,
IncomeLossFromContinuingOperationsPerDilutedShare,,,,,,0.030,-0.040,,,,,,,,,
IncomeLossFromEquityMethodInvestments,,,,,820000.000,2847000.000,2321000.000,3781000.000,2264000.000,3255000.000,2666000.000,3336000.000,1756000.000,2757000.000,1651000.000,3148000.000
IncomeTaxExpenseBenefit,-37000.000,-146000.000,-287000.000,,356000.000,168000.000,-110000.000,-343000.000,-416000.000,-3907000.000,-663000.000,-558000.000,-2019000.000,-1184000.000,-984000.000,-1424000.000
IncomeTaxesPaid,,,,,,,,,539000.000,,,,402000.000,,74000.000,
IncomeTaxesPaidNet,,,,,558000.000,,,,,,,,,,,
IncreaseDecreaseInAccountsPayable,,,,,,,,,,,,,706000.000,,2650000.000,
IncreaseDecreaseInAccountsReceivable,,,,,3177000.000,,,,1794000.000,,,,4602000.000,,7528000.000,
IncreaseDecreaseInDeferredIncomeTaxes,,,,,196000.000,,,,,,,,,,,
IncreaseDecreaseInIncomeTaxesReceivable,,-44000.000,,,,,,,,,,,,,,
IncreaseDecreaseInInventories,,,,,-17000.000,,,,-235000.000,,,,-625000.000,,-155000.000,
IncreaseDecreaseInOperatingLiabilities,,,,,-1034000.000,,,,3489000.000,,,,,,,
IncreaseDecreaseInOtherCurrentLiabilities,,,,,,,,,,,,,5685000.000,,-1132000.000,
IncreaseDecreaseInOtherNoncurrentLiabilities,,,,,-125000.000,,,,-186000.000,,,,328000.000,,-239000.000,
IncreaseDecreaseInPrepaidDeferredExpenseAndOtherAssets,,,,,-389000.000,,,,-66000.000,,,,1774000.000,,877000.000,
IncrementalCommonSharesAttributableToConversionOfDebtSecurities,,,,,,,,,,,,,0.000,,0.000,
IncrementalCommonSharesAttributableToShareBasedPaymentArrangements,,,,,,6000.000,,,,,,,0.000,0.000,0.000,0.000
InterestExpenseDebt,,,204000.000,,,,,,,,,,,,,
InterestIncomeExpenseNet,,,204000.000,,-315000.000,-342000.000,-464000.000,-854000.000,-672000.000,-721000.000,-706000.000,-786000.000,-743000.000,-750000.000,-936000.000,-1120000.000
InterestOnConvertibleDebtNetOfTax,,,,,,,,,,,,,0.000,0.000,0.000,0.000
InterestPaid,,,,,96000.000,,,,,,,,,,,
InterestPaidNet,,,,,193000.000,,,,,,,,,,,
LaborAndRelatedExpense,,,,,37459000.000,39017000.000,38557000.000,38966000.000,39686000.000,41142000.000,42637000.000,42936000.000,41173000.000,42429000.000,41913000.000,41319000.000
LeaseAndRentalExpense,,,,,3399000.000,3776000.000,3770000.000,4089000.000,3712000.000,3963000.000,4105000.000,4089000.000,4056000.000,4108000.000,4453000.000,4245000.000
ManagementFeesRevenue,,,,,,,,,,,,,,,,800000.000
MinorityInterestDecreaseFromDistributionsToNoncontrollingInterestHolders,,,,,,,,,2318000.000,,,,1987000.000,,,
NetCashProvidedByUsedInFinancingActivities,,,,,-3659000.000,,,,-3851000.000,,,,691000.000,,687000.000,
NetCashProvidedByUsedInFinancingActivitiesContinuingOperations,,,,,-3659000.000,,,,-3851000.000,,,,691000.000,,687000.000,
NetCashProvidedByUsedInInvestingActivities,,,,,-1297000.000,,,,-375000.000,,,,-186000.000,,-283000.000,
NetCashProvidedByUsedInInvestingActivitiesContinuingOperations,,,,,-1297000.000,,,,-375000.000,,,,-186000.000,,-283000.000,
NetCashProvidedByUsedInOperatingActivities,,,,,3341000.000,,,,1319000.000,,,,2285000.000,,-3630000.000,
NetCashProvidedByUsedInOperatingActivitiesContinuingOperations,,,,,3341000.000,,,,1319000.000,,,,2285000.000,,-3630000.000,
NetIncomeLoss,,,,,56000.000,258000.000,-436000.000,1101000.000,-2953000.000,-6383000.000,-1746000.000,-21318000.000,-4662000.000,-2109000.000,-2636000.000,-4035000.000
NetIncomeLossAttributableToNoncontrollingInterest,,,,,2484000.000,2408000.000,2555000.000,2304000.000,1862000.000,2451000.000,2667000.000,2534000.000,2082000.000,2444000.000,,
NetIncomeLossAttributableToParentDiluted,,,,,,,-436000.000,,-2953000.000,-6383000.000,-1746000.000,-21318000.000,-4662000.000,-2109000.000,-2636000.000,-4035000.000
NoncashOrPartNoncashAcquisitionOtherLiabilitiesAssumed1,,,,,461000.000,,,,,,,,,,,
NoncashOrPartNoncashDivestitureAmountOfConsiderationReceived1,,,,,,,,,,,,,159000.000,,,
NonoperatingIncomeExpense,,,,,563000.000,2389000.000,1857000.000,3014000.000,1594000.000,2317000.000,1945000.000,2609000.000,1013000.000,2058000.000,783000.000,1884000.000
OperatingExpenses,107000.000,415000.000,822000.000,,54559000.000,57772000.000,59459000.000,59959000.000,71111000.000,82312000.000,79119000.000,99118000.000,82558000.000,84748000.000,85793000.000,89116000.000
OperatingIncomeLoss,-107000.000,-415000.000,-822000.000,,2333000.000,445000.000,152000.000,48000.000,-3101000.000,-10156000.000,-1687000.000,-21951000.000,-5612000.000,-2907000.000,-4403000.000,-7343000.000
OtherComprehensiveIncomeForeignCurrencyTransactionAndTranslationAdjustmentNetOfTaxPortionAttributableToParent,,,,,7000.000,4000.000,1000.000,2000.000,,,,,,,,
OtherComprehensiveIncomeLossForeignCurrencyTransactionAndTranslationAdjustmentNetOfTax,,,,,7000.000,,,,,,,,,,,
OtherComprehensiveIncomeLossNetOfTaxPortionAttributableToParent,,,,,7000.000,4000.000,1000.000,2000.000,,,,,,,,
OtherCostAndExpenseOperating,63000.000,333000.000,728000.000,,6514000.000,6797000.000,6674000.000,7479000.000,8111000.000,8563000.000,7725000.000,9450000.000,10191000.000,10201000.000,10806000.000,10809000.000
OtherNonoperatingIncomeExpense,,,,,58000.000,-116000.000,,,2000.000,-217000.000,-15000.000,59000.000,,51000.000,68000.000,-144000.000
PaymentsOfDebtIssuanceCosts,,,,,63000.000,,,,62000.000,,,,11000.000,,,
PaymentsOfDividendsMinorityInterest,,,,,2412000.000,,,,,,,,,,,
PaymentsToAcquireBusinessesNetOfCashAcquired,,,,,,,,,46000.000,,,,,,,
PaymentsToAcquireEquityMethodInvestments,,,,,200000.000,,,,,,,,,,,
PaymentsToAcquirePropertyPlantAndEquipment,,,,,1142000.000,,,,406000.000,,,,276000.000,,351000.000,
PaymentsToMinorityShareholders,,,,,2412000.000,,,,2318000.000,,,,1987000.000,,,
ProceedsFromCollectionOfNotesReceivable,,,,,,,,,,,,,87000.000,,,
ProceedsFromContributionsFromAffiliates,,,,,2165000.000,,,,1804000.000,,,,2658000.000,,,
ProceedsFromIncomeTaxRefunds,,,,,,,,,,,,,,,241000.000,
ProceedsFromIssuanceOfDebt,,,,,,,,,,,,,3500000.000,,,
ProceedsFromMinorityShareholders,,,,,223000.000,,,,,,,,,,,
ProceedsFromRepaymentsOfRestrictedCashFinancingActivities,,,,,,,,,,,,,,,1000000.000,
ProceedsFromSaleOfEquityMethodInvestments,,,,,0.000,,,,,,,,,,68000.000,
ProceedsFromSaleOfPropertyPlantAndEquipment,,,,,45000.000,,,,77000.000,,,,3000.000,,,
ProfitLoss,-70000.000,-269000.000,-535000.000,,2540000.000,2666000.000,2119000.000,3405000.000,-1091000.000,-3932000.000,921000.000,-18784000.000,-2580000.000,335000.000,-2636000.000,-4035000.000
ProvisionForDoubtfulAccounts,,,,,819000.000,49000.000,99000.000,-897000.000,15000.000,63000.000,138000.000,-33000.000,,,106000.000,
RepaymentsOfLongTermDebtAndCapitalSecurities,,,,,1264000.000,,,,1314000.000,,,,639000.000,,313000.000,
RepaymentsOfRelatedPartyDebt,,,,,143000.000,,,,157000.000,,,,172000.000,,,
RevenueFromRelatedParties,,,,,,,,,4099000.000,4193000.000,3942000.000,4043000.000,3838000.000,3931000.000,4050000.000,4286000.000
Revenues,,,,,56892000.000,58217000.000,59611000.000,60007000.000,68010000.000,72156000.000,77432000.000,77167000.000,76946000.000,81841000.000,81390000.000,81773000.000
SalesRevenueNet,,,,,56892000.000,58217000.000,59611000.000,60007000.000,68010000.000,72156000.000,77432000.000,77167000.000,76946000.000,81841000.000,81390000.000,81773000.000
SalesRevenueServicesGross,,,,,,,,,5827000.000,6286000.000,5296000.000,5312000.000,5068000.000,5181000.000,5004000.000,5925000.000
ShareBasedCompensation,44000.000,82000.000,94000.000,,87000.000,,,,540000.000,,,,436000.000,,267000.000,
ShareBasedCompensationArrangementByShareBasedPaymentAwardFairValueAssumptionsExpectedDividendRate,,,,,,,,,0.000,,,,,,,
ShareBasedCompensationArrangementByShareBasedPaymentAwardFairValueAssumptionsExpectedVolatilityRate,,,,,,,,,0.450,,,,,,,
ShareBasedCompensationArrangementByShareBasedPaymentAwardFairValueAssumptionsRiskFreeInterestRate,,,,,,,,,0.019,,,,,,,
ShareBasedCompensationArrangementByShareBasedPaymentAwardOptionsGrantsInPeriodGross,,,,,,,,,150000.000,,,,,,,
ShareBasedCompensationArrangementsByShareBasedPaymentAwardOptionsGrantsInPeriodWeightedAverageExercisePrice,,,,,,,,,17.250,,,,,,,
StockIssuedDuringPeriodValueAcquisitions,,,,,,,,,82000.000,,,,,,201000.000,
StockIssuedDuringPeriodValueOther,,,,,,,,,244000.000,,,,,,,
StockIssuedDuringPeriodValueRestrictedStockAwardGross,,,,,,,,,61000.000,,,,,,60000.000,
StockIssuedDuringPeriodValueShareBasedCompensationGross,,,,,,,,,,,,,972000.000,,211000.000,
WeightedAverageNumberOfDilutedSharesOutstanding,38400000.000,35800.000,35265.000,,10044000.000,10087000.000,10088000.000,-20135000.000,10126000.000,10149000.000,10177000.000,-20284000.000,10246000.000,10355000.000,10567000.000,11394000.000
WeightedAverageNumberOfSharesOutstandingBasic,,35800.000,35265.000,,10044000.000,10081000.000,10088000.000,-20133000.000,10126000.000,10149000.000,10177000.000,-20284000.000,10246000.000,10355000.000,10567000.000,11394000.000
