,2011-06-30,2011-09-30,2012-03-31,2012-06-30,2012-09-30,2012-12-31,2013-03-31,2013-06-30,2014-03-31,2014-06-30,2014-09-30,2015-03-31,2015-06-30,2015-09-30,2015-12-31,2016-03-31
AccretionExpense,,,,,,,,,,,,,,,,17998.000
AdjustmentForAmortization,,,,,,,,,,,,,,,,3143.000
AdjustmentsToReconcileNetIncomeLossToCashProvidedByUsedInOperatingActivities,,,-9161.000,,,,,,,,,,,,,
AllocatedShareBasedCompensationExpense,,,,,,,,,128086.000,,,,,,,
AmortizationOfDebtDiscountPremium,,,,,,,,,,,,25387.000,,,,
AmortizationOfFinancingCosts,,,,,,,,,,,,106736.000,,,,78487.000
AmortizationOfIntangibleAssets,,,,,,,,,,,,3447.000,,,,
AssetRetirementObligationAccretionExpense,,,,,,,,,,,,16204.000,,,,
BusinessExitCosts1,,,,,,,,,,,,,,,,4548032.000
CashAndCashEquivalentsPeriodIncreaseDecrease,,,839.000,,,,-575.000,,173379.000,,,-134557.000,,,,
CashPeriodIncreaseDecrease,,,,,,,,,,,,,,,,-79871.000
CashProvidedByUsedInDiscontinuedOperationsFinancingActivities,,,10000.000,,,,,,,,,,,,,
ComprehensiveIncomeNetOfTax,,,,,,,,,,,,-3338437.000,-1254894.000,-3184545.000,-5583253.000,-8747369.000
DebtConversionConvertedInstrumentAmount1,,,,,,,,,,,,,,,,12.000
DebtConversionConvertedInstrumentSharesIssued1,,,,,,,,,,,,,,,,121961.000
DebtConversionOriginalDebtAmount1,,,,,,,,,,,,,,,,150000.000
DebtInstrumentIncreaseAccruedInterest,,,,,,,550.000,,0.000,,,,,,,
DebtIssuanceCosts,,,,,,,,,,,,587940.000,,,,
DeferredFederalIncomeTaxExpenseBenefit,0.000,,,,,,,,,,,,,,,
EarningsPerShareBasicAndDiluted,,0.000,0.010,0.010,0.000,-0.020,0.000,0.000,-0.060,-0.080,-0.080,-0.070,-0.030,-0.050,-0.110,-0.180
EffectOfExchangeRateOnCash,,,,,,,,,-1660.000,,,-12147.000,,,,
EffectOfExchangeRateOnCashAndCashEquivalents,,,,,,,,,,,,,,,,122211.000
EmployeeBenefitsAndShareBasedCompensation,,,,,,,,,,,,,,,,1221335.000
ForeignCurrencyTransactionGainBeforeTax,,,,,,,,,,,,,,,,-135919.000
ForeignCurrencyTransactionGainLossRealized,0.000,,,,,,,,-1563.000,-16190.000,-29959.000,,,,,
ForeignCurrencyTransactionLossBeforeTax,,,,,,,,0.000,,,,,,,,
GainLossOnDerivativeInstrumentsNetPretax,,,,,,,,,,,,-66670.000,48268.000,36067.000,,
GainsLossesOnExtinguishmentOfDebt,,,,,,,,,,,,74091.000,0.000,0.000,9358.000,0.000
GeneralAndAdministrativeExpense,22036.000,12703.000,14059.000,7991.000,15205.000,2246.000,4952.000,5365.000,521331.000,869274.000,1342614.000,58825.000,308822.000,395113.000,35041.000,290595.000
ImpairmentOfInvestments,,,,,,,,,,,,,,,,4548032.000
IncomeLossFromContinuingOperations,,,,,-15704.000,,-5502.000,-5915.000,,,,,,,,
IncomeLossFromContinuingOperationsBeforeIncomeTaxesExtraordinaryItemsNoncontrollingInterest,,,,,,,,,,,,-2622588.000,-1434026.000,-2367797.000,-5292250.000,-9251454.000
IncomeLossFromDiscontinuedOperationsNetOfTax,-22036.000,-12703.000,-14059.000,-8240.000,,,,,,,,,,,,
IncomeTaxExpenseBenefit,,,,,,,,0.000,0.000,0.000,0.000,0.000,0.000,0.000,0.000,0.000
IncomeTaxesPaid,,,,,,,,,0.000,,,0.000,,,,0.000
IncreaseDecreaseInAccountsPayable,,,4565.000,,,,777.000,,-8594.000,,,,,,,
IncreaseDecreaseInAccruedInterestReceivableNet,,,,,,,,,,,,12738.000,,,,7727.000
IncreaseDecreaseInDepositsOutstanding,,,,,,,,,,,,,,,,1400000.000
IncreaseDecreaseInDueFromRelatedParties,,,,,,,,,,,,,,,,100014.000
IncreaseDecreaseInDueToOfficersAndStockholders,,,,,,,,,0.000,,,,,,,
IncreaseDecreaseInDueToOtherRelatedParties,,,,,,,,,229465.000,,,0.000,,,,
IncreaseDecreaseInNotesReceivables,,,,,,,,,,,,,,,,0.000
IncreaseDecreaseInOtherAccountsPayableAndAccruedLiabilities,,,,,,,,,,,,-330621.000,,,,172767.000
IncreaseDecreaseInOtherCurrentAssets,,,,,,,,,,,,139613.000,,,,78129.000
IncreaseDecreaseInOtherNoncurrentAssets,,,,,,,,,,,,396413.000,,,,142972.000
IncreaseDecreaseInPrepaidExpense,,,250.000,,,,,,9389.000,,,,,,,
IncreaseDecreaseInPrepaidInterest,,,,,,,,,,,,-50459.000,,,,10.000
InterestAndDividendIncomeOperating,,,,,,,,,,,,18995.000,26747.000,35679.000,38102.000,7727.000
InterestAndFeeIncomeLoansHeldForSaleMortgages,,,,,,,,,,,,,,,,7727.000
InterestExpense,,,,-249.000,499.000,,550.000,550.000,0.000,49188.000,0.000,265070.000,269918.000,368697.000,466437.000,472711.000
InterestExpenseDebt,,,,,,,,,,,,116743.000,,,,
InterestPaid,,,,,,,,,0.000,,,65785.000,,,,350306.000
InvestmentIncomeInterest,,,,,,,,,,3018.000,19456.000,,,,,
LaborAndRelatedExpense,,,,,,,,,,,,20111.000,48920.000,159069.000,92442.000,177482.000
MarketingAndAdvertisingExpense,,,,,,,,,,,,14109.000,42155.000,97768.000,,
NetCashProvidedByUsedInFinancingActivities,,,,,,,3600.000,,860359.000,,,1682353.000,,,,4825861.000
NetCashProvidedByUsedInFinancingActivitiesContinuingOperations,,,,,,,3600.000,,860359.000,,,1682353.000,,,,4825861.000
NetCashProvidedByUsedInInvestingActivities,,,,,,,,,-272529.000,,,0.000,,,,-100014.000
NetCashProvidedByUsedInInvestingActivitiesContinuingOperations,,,,,,,,,-272529.000,,,0.000,,,,-100014.000
NetCashProvidedByUsedInOperatingActivities,,,,,,,-4175.000,,-412791.000,,,-1804763.000,,,,-4927929.000
NetCashProvidedByUsedInOperatingActivitiesContinuingOperations,,,,,,,-4175.000,,-412791.000,,,-1804763.000,,,,-4927929.000
NetIncomeLoss,22036.000,,-14059.000,,-15704.000,,-5502.000,-5915.000,-522894.000,-1216619.000,-1246486.000,-2622588.000,-1434026.000,-2367797.000,-5292250.000,-9251454.000
NonoperatingIncomeExpense,,,,,,,,,,,,-257649.000,-221650.000,-332630.000,-396990.000,-608630.000
NotesIssued1,,,,,,,,,0.000,,,,,,,
OperatingCostsAndExpenses,,,,,,,,,,,,2383934.000,1239123.000,2070846.000,4933362.000,8650551.000
OperatingIncomeLoss,-22036.000,-12703.000,-14059.000,-7991.000,-15205.000,-2246.000,-4952.000,-5365.000,-521331.000,-869274.000,-1235983.000,-2364939.000,-1212376.000,-2035167.000,-4895260.000,-8642824.000
OtherComprehensiveIncomeForeignCurrencyTranslationGainLossArisingDuringPeriodTax,,,,,,,,,4219.000,-25979.000,97601.000,,,,,
OtherComprehensiveIncomeLossBeforeTax,,,,,,,,,-527113.000,-1190640.000,-1344087.000,,,,,
OtherComprehensiveIncomeLossForeignCurrencyTransactionAndTranslationAdjustmentBeforeTax,,,,,,,,,,,,-715849.000,179132.000,-816747.000,-291004.000,504085.000
OtherExpenses,,,,,,,,,,284985.000,0.000,,,,,
OtherNonoperatingIncomeExpense,,,,,,,,,-1563.000,-347345.000,-10503.000,,,,,
PaymentsForMortgageDeposits,,,,,,,,,,,,65784.000,,,,
PaymentsToAcquireAndDevelopRealEstate,,,,,,,,,,,,0.000,,,,
PaymentsToAcquireLandHeldForUse,,,,,,,,,272529.000,,,,,,,
PaymentsToAcquireNotesReceivable,,,,,,,,,,,,375678.000,,,,
ProceedsFromCollectionOfMortgageLoansHeldForSale,,,,,,,,,,,,-116243.000,,,,
ProceedsFromContributedCapital,,,,,,,,,,,,0.000,,,,
ProceedsFromIssuanceOfCommonStock,,,,,,,,,16900.000,,,1044150.000,,,,3797019.000
ProceedsFromMortgageDeposits,,,,,,,,,,,,,,,,1000000.000
ProceedsFromNotesPayable,,,,,,,,,0.000,,,968000.000,,,,
ProceedsFromOtherDeposits,,,,,,,,,,,,,,,,1209714.000
ProceedsFromRelatedPartyDebt,,,,,,,3600.000,,229465.000,,,,,,,103488.000
ProceedsFromRepaymentsOfFirstMortgageBond,,,,,,,,,,,,,,,,-130800.000
ProfessionalAndContractServicesExpense,,,,,,,,,,,,,,,,2849718.000
ProfessionalFees,,,,,,,,,,,,72229.000,169124.000,201930.000,796331.000,416842.000
ProfitLoss,,,,,,,,,-522894.000,-1216619.000,-1246486.000,,,,,
RepaymentsOfConvertibleDebt,,,,,,,,,,,,329797.000,,,,115000.000
RepaymentsOfRelatedPartyDebt,,,,,,,,,,,,,,,,38560.000
Revenues,0.000,0.000,,,,,,0.000,0.000,0.000,106631.000,,,,,
SalesRevenueNet,0.000,0.000,,,,,,0.000,0.000,0.000,106631.000,,,,,
ShareBasedCompensation,,,,,,,,,,,,1944746.000,,,,
ShareBasedCompensationArrangementByShareBasedPaymentAwardEquityInstrumentsOtherThanOptionsGrantsInPeriod,,,,,,,,,,,,1325000.000,,,,
TravelAndEntertainmentExpense,,,,,,,,,,,,109394.000,440413.000,129057.000,224203.000,367882.000
WeightedAverageNumberOfDilutedSharesOutstanding,,8475500.000,8475500.000,8475500.000,,,,,,,,,,,,
WeightedAverageNumberOfShareOutstandingBasicAndDiluted,,,,,8475500.000,,8475500.000,8475500.000,8943122.000,14996623.000,14996623.000,40047624.000,44184518.000,46811794.000,-85805797.000,52621247.000
WeightedAverageNumberOfSharesOutstandingBasic,8475500.000,,,,,,,,,,,,,,,
