,2011-07-01,2011-09-30,2012-03-30,2012-06-29,2012-09-28,2013-03-29,2013-06-28,2013-09-27,2014-03-28,2014-09-26,2015-03-27,2015-06-26,2015-09-25,2016-03-25,2016-06-24,2017-03-31
AdjustmentsToAdditionalPaidInCapitalSharebasedCompensationRequisiteServicePeriodRecognitionValue,,,,,,,,,1508000.000,,171000.000,,,9000.000,,11000.000
AdministrativeFeesExpense,,,,,,,,,,344000.000,856000.000,1400000.000,1000000.000,600000.000,700000.000,800000.000
AllocatedShareBasedCompensationExpense,,,,,,,,,1500000.000,700000.000,200000.000,100000.000,100000.000,,,
AllowanceForDoubtfulAccountsReceivablePeriodIncreaseDecrease,,,,,,,,,,,,,,16400000.000,,17200000.000
AmortizationOfFinancingCosts,,,,1900000.000,1900000.000,1700000.000,1600000.000,1600000.000,1500000.000,1500000.000,1500000.000,1600000.000,1600000.000,1500000.000,1500000.000,500000.000
AmortizationOfFinancingCostsAndDiscounts,,,1945000.000,,,1748000.000,,,1483000.000,,1540000.000,,,1522000.000,,1341000.000
AmortizationOfIntangibleAssets,,,,11600000.000,11300000.000,10800000.000,11200000.000,11000000.000,10400000.000,10900000.000,6300000.000,8300000.000,8200000.000,7500000.000,7900000.000,7900000.000
AssetImpairmentCharges,,,,,,,,,,50955000.000,,86795000.000,6690000.000,,0.000,
CashAndCashEquivalentsPeriodIncreaseDecrease,,,68360000.000,,,-51146000.000,,,-48722000.000,,-34157000.000,,,-33995000.000,,-11011000.000
ComprehensiveIncomeNetOfTax,,,5710000.000,8759000.000,-15604000.000,14740000.000,8314000.000,-33028000.000,-706000.000,-71541000.000,-14907000.000,-90048000.000,-15749000.000,-14757000.000,-25122000.000,-479000.000
ComprehensiveIncomeNetOfTaxAttributableToNoncontrollingInterest,,,1304000.000,1324000.000,1693000.000,1192000.000,1157000.000,-1197000.000,-645000.000,492000.000,431000.000,298000.000,499000.000,187000.000,308000.000,275000.000
ComprehensiveIncomeNetOfTaxIncludingPortionAttributableToNoncontrollingInterest,,,7014000.000,10083000.000,-13911000.000,15932000.000,9471000.000,-31831000.000,-61000.000,-71049000.000,-14476000.000,-89750000.000,-15250000.000,-14570000.000,-24814000.000,-204000.000
CostOfServices,848876000.000,845345000.000,966610000.000,873091000.000,917138000.000,845125000.000,794573000.000,706308000.000,560490000.000,510965000.000,424158000.000,439193000.000,427529000.000,372498000.000,410361000.000,399477000.000
CurrentFederalTaxExpenseBenefit,,,,,,,0.000,9171000.000,0.000,-311000.000,0.000,0.000,0.000,,,
CurrentForeignTaxExpenseBenefit,,,,560000.000,2297000.000,1367000.000,3691000.000,9172000.000,1996000.000,1383000.000,3485000.000,-204000.000,1286000.000,,,
CurrentIncomeTaxExpenseBenefit,,,,651000.000,2275000.000,1595000.000,3838000.000,18556000.000,1989000.000,1364000.000,3933000.000,-167000.000,1478000.000,,,
CurrentStateAndLocalTaxExpenseBenefit,,,,91000.000,-22000.000,228000.000,147000.000,213000.000,-7000.000,292000.000,448000.000,37000.000,192000.000,,,
DeferredFederalIncomeTaxExpenseBenefit,,,,4836000.000,-972000.000,7090000.000,683000.000,-20429000.000,-2079000.000,-23369000.000,0.000,-12817000.000,-1846000.000,,,
DeferredForeignIncomeTaxExpenseBenefit,,,,-22000.000,48000.000,-4000.000,5000.000,-5000.000,0.000,-543000.000,-45000.000,-2000.000,-93000.000,,,
DeferredIncomeTaxExpenseBenefit,,,3337000.000,4904000.000,-882000.000,7200000.000,750000.000,-20547000.000,-2078000.000,-24524000.000,-124000.000,-13126000.000,-2018000.000,,,
DeferredStateAndLocalIncomeTaxExpenseBenefit,,,,90000.000,42000.000,114000.000,62000.000,-113000.000,1000.000,-612000.000,-79000.000,-307000.000,-79000.000,,,
Depreciation,,,,1500000.000,1400000.000,1500000.000,1500000.000,1500000.000,1400000.000,1500000.000,1500000.000,2100000.000,1300000.000,1000000.000,1200000.000,1000000.000
DepreciationAndAmortization,12843000.000,12255000.000,12560000.000,12659000.000,12375000.000,11848000.000,12274000.000,12046000.000,11503000.000,12094000.000,7259000.000,9288000.000,9039000.000,8291000.000,8911000.000,8555000.000
DepreciationDepletionAndAmortization,,,12956000.000,13084000.000,12745000.000,12289000.000,12710000.000,12473000.000,11741000.000,12328000.000,7798000.000,,,8516000.000,,8898000.000
EffectiveIncomeTaxRateContinuingOperations,,,,0.035,-0.110,0.352,0.326,0.059,0.421,0.246,-0.359,0.129,0.034,-0.446,-0.372,1.075
EffectiveIncomeTaxRateReconciliationAtFederalStatutoryIncomeTaxRate,,,,0.350,0.350,0.350,0.350,0.350,0.350,0.350,0.350,,,,,
EffectiveIncomeTaxRateReconciliationChangeInDeferredTaxAssetsValuationAllowance,,,,,,,,,,,-0.317,,,,,
EffectiveIncomeTaxRateReconciliationForeignIncomeTaxRateDifferential,,,,,,,,,,,-0.329,,,,,
EffectiveIncomeTaxRateReconciliationMinorityInterestIncomeExpense,,,,-0.029,0.013,-0.023,-0.019,0.011,,0.003,0.039,,,,,
EffectiveIncomeTaxRateReconciliationNondeductibleExpense,,,,,,0.015,0.023,-0.010,0.042,,-0.068,,,,,
EffectiveIncomeTaxRateReconciliationNondeductibleExpenseImpairmentLosses,,,,,,,,-0.298,,-0.105,,,,,,
EffectiveIncomeTaxRateReconciliationOtherAdjustments,,,,0.018,0.005,-0.004,-0.043,0.002,-0.001,-0.005,0.001,,,,,
EffectiveIncomeTaxRateReconciliationStateAndLocalIncomeTaxes,,,,0.011,-0.002,0.014,0.015,-0.003,0.030,0.003,-0.035,,,,,
EquityMethodInvestmentOtherThanTemporaryImpairment,,76647000.000,,,,,,,,,,,,,,
FairValueInputsDiscountRate,,,,,,,,,,,,,,,,0.179
GainLossOnDispositionOfAssets,,,-15000.000,,,,,,,,,,,,,
GainsLossesOnExtinguishmentOfDebt,,,,-783000.000,-696000.000,,0.000,-230000.000,-172000.000,-242000.000,0.000,0.000,0.000,,-328000.000,
GoodwillImpairmentLoss,,,,,30859000.000,,,28824000.000,,50955000.000,,86795000.000,6690000.000,,,
GoodwillPeriodIncreaseDecrease,,,,,,,,,0.000,,0.000,,,,,
IncomeLossFromContinuingOperationsBeforeIncomeTaxesDomestic,,,,,,26421000.000,13950000.000,-34525000.000,-553000.000,-93861000.000,-11325000.000,-100930000.000,-17120000.000,-10592000.000,-19469000.000,2784000.000
IncomeLossFromContinuingOperationsBeforeIncomeTaxesExtraordinaryItemsNoncontrollingInterest,,,,,-12708000.000,24990000.000,14087000.000,-33859000.000,-210000.000,-94182000.000,-10594000.000,-103050000.000,-15790000.000,-10078000.000,-18084000.000,2827000.000
IncomeLossFromContinuingOperationsBeforeIncomeTaxesForeign,,,,,,-1431000.000,137000.000,666000.000,343000.000,-321000.000,731000.000,-2120000.000,1330000.000,514000.000,1385000.000,43000.000
IncomeLossFromContinuingOperationsBeforeIncomeTaxesMinorityInterestAndIncomeLossFromEquityMethodInvestments,6509000.000,-64726000.000,11676000.000,15870000.000,,,,,,,,,,,,
IncomeLossFromEquityMethodInvestments,3210000.000,3894000.000,210000.000,13000.000,315000.000,2446000.000,927000.000,295000.000,9747000.000,152000.000,68000.000,56000.000,6000.000,367000.000,335000.000,43000.000
IncomeTaxExpenseBenefit,2516000.000,-23878000.000,4797000.000,5555000.000,1393000.000,8795000.000,4588000.000,-1991000.000,-89000.000,-23160000.000,3809000.000,-13293000.000,-540000.000,4494000.000,6729000.000,3039000.000
IncomeTaxesPaidNet,,,1475000.000,,,-1178000.000,,,-5227000.000,,3022000.000,,,-3000.000,,-775000.000
IncreaseDecreaseInAccountsPayableAndAccruedLiabilities,,,-11142000.000,,,-40445000.000,,,-40418000.000,,-13032000.000,,,-39313000.000,,-20054000.000
IncreaseDecreaseInAccountsReceivable,,,46434000.000,,,88634000.000,,,-415000.000,,18952000.000,,,-4341000.000,,5747000.000
IncreaseDecreaseInAccruedIncomeTaxesPayable,,,,,,1920000.000,,,-3301000.000,,-1018000.000,,,2055000.000,,1892000.000
IncreaseDecreaseInDeferredIncomeTaxes,,,,,,-7053000.000,,,2099000.000,,-2140000.000,,,-2525000.000,,-460000.000
IncreaseDecreaseInIncomeTaxesPayableNetOfIncomeTaxesReceivable,,,3226000.000,,,,,,,,,,,,,
IncreaseDecreaseInPrepaidDeferredExpenseAndOtherAssets,,,-15309000.000,,,-17881000.000,,,-2396000.000,,-3737000.000,,,-4608000.000,,1843000.000
IncreaseDecreaseInRestrictedCash,,,-9114000.000,,,,,,,,,,,,,-5160000.000
InterestExpense,23195000.000,22836000.000,21690000.000,21736000.000,22011000.000,19163000.000,19838000.000,19720000.000,18017000.000,17237000.000,16055000.000,17172000.000,17201000.000,15968000.000,17460000.000,18715000.000
InterestPaid,,,31235000.000,,,-29703000.000,,,-28631000.000,,24202000.000,,,26916000.000,,26115000.000
InvestmentIncomeInterest,64000.000,29000.000,38000.000,35000.000,21000.000,18000.000,28000.000,31000.000,52000.000,68000.000,17000.000,25000.000,19000.000,60000.000,22000.000,5000.000
LineOfCreditFacilityUnusedCapacityCommitmentFeePercentage,,,,,,0.005,,,,,,,,,,
LossContingencyClaimsSettledAndDismissedNumber,,,,,,,,,15.000,,,,,,,
LossContingencyDamagesAwardedValue,,,,,,8200000.000,,,,,,,,,,
LossContingencyDamagesSoughtValue,,,,,,3000000.000,,,3000000.000,,3000000.000,,,,,
LossContingencyNewClaimsFiledNumber,,,,,,,,,26.000,,,,,,,
LossContingencyNumberOfPlaintiffs,,,,,,,1256.000,1256.000,1256.000,,,,,,,
MinorityInterestDecreaseFromDistributionsToNoncontrollingInterestHolders,,,,,,,,,,,303000.000,,,606000.000,,270000.000
MinorityInterestInNetIncomeLossOtherMinorityInterests,667000.000,780000.000,,1324000.000,1693000.000,1192000.000,,,,,,,,,,
NetCashProvidedByUsedInFinancingActivities,,,80907000.000,,,23978000.000,,,-14746000.000,,-1326000.000,,,-154000.000,,-79000.000
NetCashProvidedByUsedInFinancingActivitiesContinuingOperations,,,80907000.000,,,23978000.000,,,-14746000.000,,-1326000.000,,,-154000.000,,-79000.000
NetCashProvidedByUsedInInvestingActivities,,,-2595000.000,,,-1633000.000,,,-4862000.000,,732000.000,,,-3298000.000,,4116000.000
NetCashProvidedByUsedInInvestingActivitiesContinuingOperations,,,-2595000.000,,,-1633000.000,,,-4862000.000,,732000.000,,,-3298000.000,,4116000.000
NetCashProvidedByUsedInOperatingActivities,,,-9952000.000,,,-73491000.000,,,-29114000.000,,-33563000.000,,,-30543000.000,,-15048000.000
NetCashProvidedByUsedInOperatingActivitiesContinuingOperations,,,-9952000.000,,,-73491000.000,,,-29114000.000,,-33563000.000,,,-30543000.000,,-15048000.000
NetIncomeLoss,3326000.000,-41628000.000,5575000.000,8991000.000,-15794000.000,15003000.000,8342000.000,-33065000.000,-766000.000,-71514000.000,-14834000.000,-90055000.000,-15749000.000,-14759000.000,-25121000.000,-487000.000
NetIncomeLossAttributableToNoncontrollingInterest,,,1304000.000,,,,,-1197000.000,-645000.000,492000.000,431000.000,298000.000,499000.000,187000.000,308000.000,275000.000
OperatingIncomeLoss,28381000.000,-42604000.000,29955000.000,37028000.000,9910000.000,42037000.000,36454000.000,-14277000.000,17038000.000,-77727000.000,4450000.000,-86511000.000,1319000.000,5478000.000,-4929000.000,20164000.000
OperatingLeasesRentExpenseNet,,,,54500000.000,48200000.000,46500000.000,41300000.000,41500000.000,29700000.000,21200000.000,14000000.000,15500000.000,10000000.000,8200000.000,10400000.000,9800000.000
OtherComprehensiveIncomeForeignCurrencyTransactionAndTranslationAdjustmentBeforeTaxPeriodIncreaseDecrease,,,196000.000,,,,,,,,,,,,,
OtherComprehensiveIncomeLossBeforeTax,,,,-345000.000,296000.000,-411000.000,-43000.000,57000.000,-34000.000,-42000.000,-113000.000,11000.000,0.000,3000.000,-1000.000,12000.000
OtherComprehensiveIncomeLossBeforeTaxPeriodIncreaseDecrease,,,196000.000,,,,,,,,,,,,,
OtherComprehensiveIncomeLossForeignCurrencyTransactionAndTranslationAdjustmentBeforeTax,,,,,296000.000,-411000.000,-43000.000,57000.000,-34000.000,-42000.000,-113000.000,11000.000,0.000,3000.000,-1000.000,12000.000
OtherComprehensiveIncomeLossForeignCurrencyTranslationAdjustmentTax,,,,-345000.000,106000.000,-148000.000,-15000.000,20000.000,-94000.000,-15000.000,-40000.000,4000.000,0.000,1000.000,0.000,4000.000
OtherComprehensiveIncomeLossNetOfTax,,,,-232000.000,190000.000,-263000.000,-28000.000,37000.000,60000.000,-27000.000,-73000.000,7000.000,0.000,2000.000,-1000.000,8000.000
OtherComprehensiveIncomeLossNetOfTaxPeriodIncreaseDecrease,,,135000.000,,,,,,,,,,,,,
OtherComprehensiveIncomeLossTax,,,-61000.000,-113000.000,,,,,,,,,,,,
OtherNonoperatingIncomeExpense,1259000.000,685000.000,3373000.000,1326000.000,68000.000,2098000.000,-2557000.000,337000.000,889000.000,956000.000,994000.000,608000.000,73000.000,352000.000,4611000.000,1373000.000
OtherOperatingActivitiesCashFlowStatement,,,-2056000.000,,,205000.000,,,18000.000,,-1049000.000,,,125000.000,,38000.000
PaymentsForSoftware,,,,,,1119000.000,,,184000.000,,417000.000,,,1261000.000,,26000.000
PaymentsOfDividendsMinorityInterest,,,274000.000,,,1187000.000,,,459000.000,,303000.000,,,404000.000,,179000.000
PaymentsToAcquireEquityMethodInvestments,,,,,,,,,0.000,,500000.000,,,1225000.000,,900000.000
PaymentsToAcquirePropertyPlantAndEquipment,,,1784000.000,,,514000.000,,,5764000.000,,173000.000,,,812000.000,,1757000.000
ProceedsFromContributedCapital,,,,,,,,,,,,,,250000.000,,100000.000
ProceedsFromContributionsFromAffiliates,,,418000.000,,,2637000.000,,,9588000.000,,0.000,,,,,222000.000
ProceedsFromIssuanceOfLongTermDebt,,,285700000.000,,,149800000.000,,,0.000,,34900000.000,,,0.000,,
ProceedsFromPaymentsForOtherFinancingActivities,,,-13860000.000,,,,,,,,,,,,,
ProceedsFromSaleOfPropertyPlantAndEquipment,,,7000.000,,,,,,,,,,,,,370000.000
ProfitLoss,3993000.000,-40848000.000,6879000.000,10315000.000,-14101000.000,16195000.000,9499000.000,-31868000.000,-121000.000,-71022000.000,-14403000.000,-89757000.000,-15250000.000,-14572000.000,-24813000.000,-212000.000
PropertyPlantAndEquipmentAdditions,,,,,,,,,-200000.000,,,,,200000.000,,100000.000
RelatedPartyTransactionExpensesFromTransactionsWithRelatedParty,,,,,,500000.000,3600000.000,1900000.000,1900000.000,400000.000,200000.000,200000.000,100000.000,200000.000,100000.000,200000.000
RepaymentsOfLongTermDebt,,,195700000.000,,,109237000.000,,,15000000.000,,34900000.000,,,0.000,,
Revenues,918724000.000,935393000.000,1047066000.000,961089000.000,1010314000.000,932108000.000,876522000.000,766785000.000,612759000.000,540327000.000,467022000.000,490170000.000,479808000.000,419990000.000,450967000.000,459872000.000
SalesRevenueNet,918724000.000,935393000.000,1047066000.000,961089000.000,1010314000.000,932108000.000,876522000.000,766785000.000,612759000.000,540327000.000,467022000.000,490170000.000,479808000.000,419990000.000,450967000.000,459872000.000
SellingGeneralAndAdministrativeExpense,31834000.000,47644000.000,38151000.000,38324000.000,40347000.000,35544000.000,34148000.000,34179000.000,33475000.000,44192000.000,31223000.000,41461000.000,35237000.000,34090000.000,36959000.000,31719000.000
ShareBasedCompensation,,,,,,,,,1508000.000,,193000.000,,,17000.000,,
ShareBasedCompensationArrangementByShareBasedPaymentAwardFairValueAssumptionsExpectedDividendRate,,,,,,,,,,,0.080,,,,,
ShareBasedCompensationArrangementByShareBasedPaymentAwardFairValueAssumptionsExpectedVolatilityRate,,,,,,,,,,,0.360,,,,,
ShareBasedCompensationArrangementByShareBasedPaymentAwardFairValueAssumptionsRiskFreeInterestRate,,,,,,,,,,,0.011,,,,,
ShareBasedCompensationArrangementByShareBasedPaymentAwardOptionsForfeituresAndExpirationsInPeriodWeightedAverageExercisePrice,,,,,,,,,0.000,,,,,,,
ShareBasedCompensationArrangementByShareBasedPaymentAwardOptionsForfeituresInPeriod,,,,,,,,,0.000,,45.000,,,,,
ShareBasedCompensationArrangementByShareBasedPaymentAwardOptionsGrantsInPeriodGross,,,,,,,,,3459.000,,0.000,,,,,
ShareBasedCompensationArrangementByShareBasedPaymentAwardOptionsGrantsInPeriodWeightedAverageGrantDateFairValue,,,,,,,,,819.260,,,,,,,
ShareBasedCompensationArrangementsByShareBasedPaymentAwardOptionsExercisesInPeriodWeightedAverageExercisePrice,,,,,,,,,0.000,,,,,,,
SharebasedCompensationArrangementBySharebasedPaymentAwardOptionsNonvestedOptionsForfeitedNumberOfShares,,,,,,,,,0.000,,45.000,,,,,
SharebasedCompensationArrangementBySharebasedPaymentAwardOptionsNonvestedOptionsForfeitedWeightedAverageGrantDateFairValue,,,,,,,,,0.000,,,,,,,
SharebasedCompensationArrangementBySharebasedPaymentAwardOptionsVestedNumberOfShares,,,,,,,,,1361.000,,122.000,,,,,
SharebasedCompensationArrangementBySharebasedPaymentAwardOptionsVestedWeightedAverageGrantDateFairValue,,,,,,,,,783.450,,,,,,,
StockIssuedDuringPeriodSharesStockOptionsExercised,,,,,,,,,0.000,,0.000,,,,,
SubsidiaryOrEquityMethodInvesteeCumulativePercentageOwnershipAfterAllTransactions,,,,,,0.510,,,,,,,,,,
UnrecognizedTaxBenefitsPeriodIncreaseDecrease,,,,,,,,,,,,-4700000.000,,,,
