,2013-06-30,2013-09-30,2015-03-31,2015-06-30,2015-09-30,2015-12-31,2016-03-31,2016-06-30,2016-09-30,2016-12-31,2017-03-31
AllocatedShareBasedCompensationExpense,,,954000.000,4505000.000,637000.000,1108000.000,636000.000,907000.000,695000.000,630000.000,607000.000
AmortizationOfFinancingCosts,,,25000.000,,,,573000.000,,,,
AntidilutiveSecuritiesExcludedFromComputationOfEarningsPerShareAmount,,,390000.000,381000.000,340000.000,,0.000,0.000,0.000,0.000,
AssetImpairmentCharges,,,48000.000,,,,0.000,,,,
AssetRetirementObligationAccretionExpense,,,,,,,16000.000,,,,16000.000
CashAndCashEquivalentsPeriodIncreaseDecrease,,,-13443000.000,,,,-3796000.000,,5400000.000,,
CoalProductsAndServicesRevenue,,,21115000.000,14236000.000,12088000.000,12660000.000,21727000.000,8213000.000,14869000.000,2140000.000,5108000.000
ContractRevenueCost,2458000.000,3998000.000,238000.000,41000.000,105000.000,217000.000,142000.000,77000.000,86000.000,71000.000,0.000
ContractsRevenue,2728000.000,4257000.000,,,,,,,,,
CostOfCoalProductsAndServices,36167000.000,39626000.000,15051000.000,13698000.000,9914000.000,6770000.000,17034000.000,5437000.000,12704000.000,2566000.000,4143000.000
CostOfRevenue,48336000.000,55460000.000,,,,,,,,,
CostOfServices,,,426000.000,264000.000,591000.000,237000.000,135000.000,255000.000,469000.000,841000.000,1758000.000
CostOfServicesEnvironmentalRemediation,9711000.000,11836000.000,,,,,,,,,
DeferredRevenueRevenueRecognized,11642000.000,17296000.000,,,,,,,,,
DepreciationAndAmortization,1347000.000,1433000.000,531000.000,573000.000,528000.000,387000.000,231000.000,223000.000,138000.000,387000.000,482000.000
DepreciationDepletionAndAmortization,1347000.000,1433000.000,531000.000,,,,231000.000,,,,482000.000
EarningsPerShareBasic,,0.160,-0.280,-0.570,-0.400,-0.120,0.200,0.360,0.440,3.400,0.390
EarningsPerShareBasicAndDiluted,-0.320,,,,,,,,,,
EarningsPerShareDiluted,,0.160,-0.280,-0.570,-0.400,-0.120,0.200,0.350,0.430,3.360,0.390
EffectiveIncomeTaxRateContinuingOperations,,,-0.010,-0.010,-0.010,0.030,0.010,0.010,0.060,-1.740,0.380
EquityMethodInvestmentDividendsOrDistributions,,,0.000,,,,4900000.000,,,,1500000.000
EquityMethodInvestmentRealizedGainLossOnDisposal,,,,,,,2078000.000,0.000,0.000,0.000,0.000
ExtendedProductWarrantyAccrualPeriodIncreaseDecrease,,,,,,,,,,,-234000.000
GainsLossesOnExtinguishmentOfDebt,,,,,,,869000.000,151000.000,0.000,-1000.000,0.000
GeneralAndAdministrativeExpense,8109000.000,8955000.000,1882000.000,1503000.000,1249000.000,1470000.000,745000.000,1346000.000,818000.000,812000.000,1263000.000
GrossProfit,10594000.000,19133000.000,,,,,,,,,
IncomeLossFromContinuingOperationsBeforeIncomeTaxesExtraordinaryItemsNoncontrollingInterest,8967000.000,16635000.000,,,,,,,,,
IncomeLossFromContinuingOperationsBeforeIncomeTaxesMinorityInterestAndIncomeLossFromEquityMethodInvestments,17000.000,7853000.000,-6088000.000,-12384000.000,-8610000.000,-3039000.000,4429000.000,7959000.000,10195000.000,14157000.000,14074000.000
IncomeLossFromEquityMethodInvestments,274000.000,547000.000,314000.000,4860000.000,-41000.000,3788000.000,5577000.000,13754000.000,10735000.000,15518000.000,13814000.000
IncomeTaxExpenseBenefit,,,44000.000,63000.000,44000.000,-131000.000,53000.000,99000.000,583000.000,-61673000.000,
IncomeTaxesPaid,,,44000.000,,,,,,,,
IncreaseDecreaseInAccountsPayable,,,-116000.000,,,,-250000.000,,,,-717000.000
IncreaseDecreaseInAccountsReceivable,,,56000.000,,,,-1012000.000,,,,-6695000.000
IncreaseDecreaseInAccountsReceivableRelatedParties,,,24000.000,,,,-1124000.000,,,,-179000.000
IncreaseDecreaseInAccruedLiabilitiesAndOtherOperatingLiabilities,,,-131000.000,,,,-444000.000,,,,-1137000.000
IncreaseDecreaseInCostInExcessOfBillingOnUncompletedContract,,,3677000.000,,,,17021000.000,,,,4605000.000
IncreaseDecreaseInDeferredIncomeTaxes,,,,,,,,,,,-5386000.000
IncreaseDecreaseInDepositOtherAssets,,,727000.000,,,,396000.000,,,,0.000
IncreaseDecreaseInOperatingCapital,,,,,,,3100000.000,,,,
IncreaseDecreaseInOtherCurrentLiabilities,,,-377000.000,,,,-1071000.000,,,,-219000.000
IncreaseDecreaseInOtherNoncurrentAssets,,,-206000.000,,,,1104000.000,,,,805000.000
IncreaseDecreaseInOtherNoncurrentAssetsAndLiabilitiesNet,,,0.000,,,,,,,,
IncreaseDecreaseInOtherNoncurrentLiabilities,,,-65000.000,,,,242000.000,,,,143000.000
IncreaseDecreaseInPrepaidDeferredExpenseAndOtherAssets,,,308000.000,,,,-496000.000,,,,415000.000
IncreaseDecreaseInRestrictedCash,,,,,,,-35000.000,,,,
IncreaseInRestrictedCash,,,1200000.000,,,,100000.000,,,,
InterestAndOtherIncome,165000.000,169000.000,,,,,,,,,
InterestExpense,248000.000,194000.000,1775000.000,1794000.000,1778000.000,3055000.000,1964000.000,1573000.000,969000.000,560000.000,693000.000
InterestExpenseDebt,,,,,,,897000.000,1215000.000,0.000,-228000.000,37000.000
InterestExpenseOther,,,,,,,13000.000,4000.000,80000.000,332000.000,190000.000
InterestPaid,,,1599000.000,,,,1029000.000,,,,191000.000
InterestRevenueExpenseNet,165000.000,169000.000,,,,,,,,,
InvestmentIncomeInterest,,,12000.000,6000.000,2000.000,4000.000,,95000.000,149000.000,,
LaborAndRelatedExpense,,,4911000.000,9746000.000,4445000.000,4487000.000,3802000.000,3956000.000,2809000.000,1823000.000,2182000.000
LeaseAndRentalExpense,,,631000.000,601000.000,596000.000,1481000.000,394000.000,632000.000,508000.000,634000.000,45000.000
LineOfCreditFacilityInterestRateDuringPeriod,,,0.050,,,,0.050,,,,0.050
NetCashProvidedByUsedInFinancingActivities,,,-932000.000,,,,-3659000.000,,,,-179000.000
NetCashProvidedByUsedInFinancingActivitiesContinuingOperations,,,-932000.000,,,,-3659000.000,,,,-179000.000
NetCashProvidedByUsedInInvestingActivities,,,-4303000.000,,,,1686000.000,,,,13033000.000
NetCashProvidedByUsedInInvestingActivitiesContinuingOperations,,,-4303000.000,,,,1686000.000,,,,13033000.000
NetCashProvidedByUsedInOperatingActivities,,,-8208000.000,,,,-1823000.000,,,,-2820000.000
NetCashProvidedByUsedInOperatingActivitiesContinuingOperations,,,-8208000.000,,,,-1823000.000,,,,-2820000.000
NetIncomeLoss,-3178000.000,1591000.000,-6132000.000,-12447000.000,-8654000.000,-2908000.000,4376000.000,7860000.000,9612000.000,75830000.000,8688000.000
NetIncomeLossAttributableToNoncontrollingInterest,3195000.000,6262000.000,,,,,,,,,
NetIncomeLossAvailableToCommonStockholdersBasic,,,-6068000.000,-12317000.000,-8567000.000,-2914000.000,4344000.000,7777000.000,9479000.000,74973000.000,8588000.000
NoncashOrPartNoncashAcquisitionDebtAssumed1,,,0.000,,,,,,,,
NoncashOrPartNoncashAcquisitionInvestmentsAcquired1,,,0.000,,,,,,,,0.000
NonoperatingIncomeExpense,-544000.000,84000.000,810000.000,5394000.000,1379000.000,4096000.000,7740000.000,12571000.000,13108000.000,19419000.000,17785000.000
OperatingExpenses,10033000.000,11364000.000,28655000.000,32673000.000,22874000.000,20337000.000,25668000.000,13563000.000,18623000.000,8866000.000,11100000.000
OperatingIncomeLoss,561000.000,7769000.000,-6898000.000,-17778000.000,-9989000.000,-7135000.000,-3311000.000,-4612000.000,-2913000.000,-5262000.000,-3711000.000
OtherExpenses,735000.000,438000.000,,,,,,,,,
OtherGeneralAndAdministrativeExpense,7059000.000,7433000.000,,,,,,,,,
OtherNonoperatingIncomeExpense,,,65000.000,23000.000,-77000.000,483000.000,-9000.000,-525000.000,1129000.000,1868000.000,9000.000
OtherOperatingActivitiesCashFlowStatement,,,-43000.000,,,,-17000.000,,,,455000.000
OtherSalesRevenueNet,,,274000.000,343000.000,132000.000,139000.000,434000.000,125000.000,171000.000,-82000.000,0.000
OtherSignificantNoncashTransactionValueOfConsiderationGiven1,,,0.000,,,,,,,,
PaymentsForProceedsFromShortTermInvestments,,,0.000,,,,,,,,
PaymentsOfDebtIssuanceCosts,,,,,,,579000.000,,,,0.000
PaymentsToAcquireBusinessesGross,,,2124000.000,,,,0.000,,,,
PaymentsToAcquireEquityMethodInvestments,,,468000.000,,,,223000.000,,,,0.000
PaymentsToAcquirePropertyPlantAndEquipment,,,111000.000,,,,112000.000,,,,142000.000
ProceedsFromEquityMethodInvestmentDividendsOrDistributionsReturnOfCapital,,,100000.000,,,,0.000,,,,13175000.000
ProceedsFromRepurchaseOfEquity,,,-215000.000,,,,-84000.000,,,,-179000.000
ProceedsFromSaleAndMaturityOfMarketableSecurities,,,,,,,336000.000,,,,
ProceedsFromSaleAndMaturityOfOtherInvestments,,,,,,,,,,,0.000
ProceedsFromSaleOfEquityMethodInvestments,,,,,,,1773000.000,,,,0.000
ProceedsFromSaleOfPropertyPlantAndEquipment,,,,,,,12000.000,,,,
ProceedsFromShortTermDebt,,,,,,,,,,,808000.000
ProceedsFromStockOptionsExercised,,,0.000,,,,,,,,
ProfessionalFees,,,3735000.000,4387000.000,3424000.000,5058000.000,2983000.000,1982000.000,1615000.000,1713000.000,1035000.000
ProfitLoss,17000.000,7853000.000,,,,,,,,,
ProvisionForDoubtfulAccounts,,,511000.000,,,,-6000.000,,,,
RepaymentsOfDebt,,,,,,,13234000.000,,,,0.000
RepaymentsOfNotesPayable,,,717000.000,,,,1246000.000,,,,0.000
RepaymentsOfShortTermDebt,,,,,,,1750000.000,,,,808000.000
ResearchAndDevelopmentExpense,577000.000,976000.000,1250000.000,1860000.000,2022000.000,230000.000,202000.000,-345000.000,-524000.000,19000.000,192000.000
RestructuringCharges,,,479000.000,5565000.000,2733000.000,1595000.000,283000.000,784000.000,990000.000,-12000.000,
RestructuringCosts,,,469000.000,5563000.000,2733000.000,1595000.000,283000.000,784000.000,714000.000,-222000.000,
RevenueCoalServices,44188000.000,55838000.000,,,,,,,,,
RevenueEnvironmentalRemediationServices,12014000.000,14498000.000,,,,,,,,,
Revenues,58930000.000,74593000.000,21757000.000,14895000.000,12885000.000,13202000.000,22357000.000,8951000.000,15710000.000,3604000.000,7389000.000
RoyaltyIncomeNonoperating,,,2194000.000,2299000.000,3273000.000,2876000.000,1189000.000,669000.000,2064000.000,2203000.000,1755000.000
SalesRevenueNet,58930000.000,74593000.000,21757000.000,14895000.000,12885000.000,13202000.000,22357000.000,8951000.000,15710000.000,3604000.000,7389000.000
SalesRevenueServicesNet,,,368000.000,316000.000,665000.000,403000.000,196000.000,613000.000,670000.000,1546000.000,2281000.000
ShareBasedCompensation,,,954000.000,,,,636000.000,,,,607000.000
SharebasedCompensationArrangementBySharebasedPaymentAwardCompensationCost1,,,100000.000,,,,100000.000,,,,
StandardProductWarrantyAccrualPayments,-6000.000,-1000.000,,,,,,,,,
StandardProductWarrantyAccrualPreexistingIncreaseDecrease,,,,,,,,,,,10000.000
StandardProductWarrantyAccrualWarrantiesIssued,,,,,,,,,,,40000.000
UndistributedEarningsLossAllocatedToParticipatingSecuritiesBasic,,,-64000.000,-130000.000,-87000.000,6000.000,32000.000,83000.000,133000.000,857000.000,100000.000
WeightedAverageNumberDilutedSharesOutstandingAdjustment,,,0.000,0.000,0.000,0.000,327000.000,312000.000,358000.000,-694000.000,187000.000
WeightedAverageNumberOfDilutedSharesOutstanding,,10278000.000,21696000.000,21715000.000,21687000.000,-43325000.000,22176000.000,22187000.000,22098000.000,-44227000.000,22243000.000
WeightedAverageNumberOfSharesOutstandingBasic,10076000.000,10110000.000,21696000.000,21715000.000,21687000.000,-43325000.000,21849000.000,21875000.000,21740000.000,-43533000.000,22056000.000
