,2014-03-31,2014-06-30,2014-09-30,2014-12-31,2015-03-31,2015-06-30,2015-09-30,2015-12-31,2016-03-31,2016-06-30,2016-09-30,2016-12-31,2017-03-31
AllocatedShareBasedCompensationExpense,,,,,,,,,8835000.000,9411000.000,8375000.000,8385000.000,9412000.000
AmortizationOfIntangibleAssets,44298000.000,44306000.000,44835000.000,44826000.000,44786000.000,44624000.000,54287000.000,76905000.000,73616000.000,76015000.000,74639000.000,72932000.000,67638000.000
AntidilutiveSecuritiesExcludedFromComputationOfEarningsPerShareAmount,400000.000,2200000.000,2500000.000,-3700000.000,1300000.000,1800000.000,5300000.000,-2500000.000,2200000.000,1700000.000,,,
AssetImpairmentCharges,0.000,7229000.000,7000000.000,-2133000.000,,0.000,85334000.000,,15293000.000,,7375000.000,,
AvailableForSaleSecuritiesGrossRealizedGains,,18694000.000,,,,,,,,,,,
CashAndCashEquivalentsPeriodIncreaseDecrease,-41132000.000,,,,5821000.000,,,,125484000.000,,,,9409000.000
ComprehensiveIncomeNetOfTax,64563000.000,47542000.000,58475000.000,8920000.000,5412000.000,54497000.000,-106934000.000,-111980000.000,57410000.000,11555000.000,101808000.000,-61370000.000,74498000.000
CostOfRevenue,597325000.000,654605000.000,637940000.000,542475000.000,532196000.000,552595000.000,633706000.000,743511000.000,696888000.000,753029000.000,751097000.000,689018000.000,682459000.000
CostsAndExpenses,788501000.000,862601000.000,849386000.000,751677000.000,732260000.000,757892000.000,1015115000.000,1120968000.000,1053256000.000,1122916000.000,1113202000.000,1059497000.000,1015934000.000
DeferredIncomeTaxExpenseBenefit,7343000.000,,,,-13623000.000,,,,-10440000.000,,,,-16444000.000
Depreciation,11700000.000,12100000.000,12400000.000,12600000.000,11600000.000,11500000.000,15600000.000,21900000.000,19600000.000,20400000.000,20200000.000,20300000.000,20000000.000
DepreciationAmortizationAndAccretionNet,59461000.000,,,,59454000.000,,,,96938000.000,,,,100401000.000
EarningsPerShareBasic,0.350,0.150,0.510,0.260,0.210,0.240,-0.420,-0.400,0.070,0.320,0.490,0.280,0.170
EarningsPerShareDiluted,0.340,0.150,0.500,0.250,0.200,0.240,-0.420,-0.390,0.060,0.320,0.480,0.270,0.170
EffectOfExchangeRateOnCashAndCashEquivalents,-1138000.000,,,,-10178000.000,,,,5347000.000,,,,7174000.000
EffectiveIncomeTaxRateContinuingOperations,0.369,0.464,0.178,,0.347,0.258,,,0.402,0.356,0.114,,0.066
EffectiveIncomeTaxRateReconciliationAtFederalStatutoryIncomeTaxRate,0.350,0.350,0.350,,0.350,0.350,,,0.350,,,,0.350
ExcessTaxBenefitFromShareBasedCompensationFinancingActivities,1542000.000,,,,10414000.000,,,,1381000.000,,,,
ExcessTaxBenefitFromShareBasedCompensationOperatingActivities,1542000.000,,,,10414000.000,,,,1381000.000,,,,
GoodwillForeignCurrencyTranslationGainLoss,,,,,,,,,,,,,11100000.000
GoodwillImpairmentLoss,,,,,,,,,15300000.000,,,,
GoodwillPurchaseAccountingAdjustments,,,,,,,,,12400000.000,,,,
GoodwillTranslationAdjustments,900000.000,,,,-2100000.000,,,,31600000.000,,,,
ImpairmentOfIntangibleAssetsExcludingGoodwill,,,,,,,,,0.000,0.000,0.000,15000000.000,0.000
IncomeLossFromContinuingOperationsBeforeIncomeTaxesExtraordinaryItemsNoncontrollingInterest,102164000.000,52350000.000,117324000.000,45225000.000,60467000.000,61479000.000,-122898000.000,-61049000.000,21041000.000,96254000.000,105874000.000,49400000.000,35935000.000
IncomeTaxExpenseBenefit,37677000.000,24307000.000,20893000.000,-2586000.000,20991000.000,15887000.000,-42102000.000,14098000.000,8461000.000,34293000.000,12043000.000,-5066000.000,2373000.000
IncomeTaxesPaidNet,15595000.000,,,,34075000.000,,,,15087000.000,,,,17006000.000
IncreaseDecreaseInAccountsPayableAndAccruedLiabilities,-31063000.000,,,,12682000.000,,,,73019000.000,,,,-28032000.000
IncreaseDecreaseInAccountsReceivable,101793000.000,,,,95317000.000,,,,58760000.000,,,,-19683000.000
IncreaseDecreaseInInventories,38636000.000,,,,-5792000.000,,,,9863000.000,,,,19132000.000
IncreaseDecreaseInPrepaidDeferredExpenseAndOtherAssets,-4341000.000,,,,1134000.000,,,,6378000.000,,,,12314000.000
IncrementalCommonSharesAttributableToShareBasedPaymentArrangements,4980000.000,4475000.000,4220000.000,-9130000.000,4657000.000,4322000.000,,,3814000.000,3832000.000,3879000.000,-7536000.000,5072000.000
InterestExpense,42280000.000,63625000.000,36504000.000,36526000.000,36329000.000,49036000.000,73387000.000,75909000.000,72562000.000,74113000.000,68349000.000,62510000.000,69554000.000
InterestPaid,52341000.000,,,,7272000.000,,,,16057000.000,,,,16643000.000
InvestmentIncomeInterest,1104000.000,1111000.000,1394000.000,1345000.000,1029000.000,1031000.000,1276000.000,792000.000,2579000.000,1148000.000,1023000.000,774000.000,874000.000
LongTermPurchaseCommitmentAmount,20800000.000,,,,,,,,,,,,
NetCashProvidedByUsedInFinancingActivities,941000.000,,,,20214000.000,,,,-2996000.000,,,,-88638000.000
NetCashProvidedByUsedInFinancingActivitiesContinuingOperations,941000.000,,,,20214000.000,,,,-2996000.000,,,,-88638000.000
NetCashProvidedByUsedInInvestingActivities,-5446000.000,,,,-5455000.000,,,,5041000.000,,,,-11916000.000
NetCashProvidedByUsedInInvestingActivitiesContinuingOperations,-5446000.000,,,,-5455000.000,,,,5041000.000,,,,-11916000.000
NetCashProvidedByUsedInOperatingActivities,-35489000.000,,,,1240000.000,,,,118092000.000,,,,102789000.000
NetCashProvidedByUsedInOperatingActivitiesContinuingOperations,-35489000.000,,,,1240000.000,,,,118092000.000,,,,102789000.000
NetIncomeLoss,64487000.000,28043000.000,96431000.000,47811000.000,39476000.000,45592000.000,-80796000.000,-75147000.000,12580000.000,61961000.000,93831000.000,54466000.000,33562000.000
OperatingIncomeLoss,146535000.000,203655000.000,151041000.000,76218000.000,93140000.000,109398000.000,-42518000.000,21573000.000,90723000.000,183872000.000,180746000.000,119409000.000,121351000.000
OtherComprehensiveIncomeAvailableforsaleSecuritiesAdjustmentNetOfTaxPortionAttributableToParent,,,-2874000.000,,,,,,,,,,
OtherComprehensiveIncomeForeignCurrencyTransactionAndTranslationAdjustmentNetOfTaxPortionAttributableToParent,1627000.000,2356000.000,-33531000.000,,,,,,,,,,
OtherComprehensiveIncomeLossAvailableForSaleSecuritiesAdjustmentNetOfTax,,,,,-2989000.000,-1147000.000,-1737000.000,490000.000,-723000.000,-1411000.000,-257000.000,-1610000.000,1309000.000
OtherComprehensiveIncomeLossForeignCurrencyTransactionAndTranslationAdjustmentNetOfTax,,,,,-29488000.000,11638000.000,-22835000.000,-39452000.000,46284000.000,-46591000.000,8610000.000,-101831000.000,40351000.000
OtherComprehensiveIncomeLossNetOfTax,,,,,-34064000.000,8905000.000,-26138000.000,-36833000.000,44830000.000,-50406000.000,7977000.000,-115836000.000,40936000.000
OtherComprehensiveIncomeLossNetOfTaxPortionAttributableToParent,76000.000,19499000.000,-37956000.000,,,,,,,,,,
OtherComprehensiveIncomeLossPensionAndOtherPostretirementBenefitPlansAdjustmentNetOfTax,,,,,,,,,,2404000.000,376000.000,,369000.000
OtherComprehensiveIncomeLossReclassificationAdjustmentFromAOCIPensionAndOtherPostretirementBenefitPlansNetOfTax,-1551000.000,-1551000.000,-1551000.000,,-1587000.000,-1586000.000,-1566000.000,,-731000.000,,,,
OtherNoncashIncomeExpense,1763000.000,,,,929000.000,,,,1751000.000,,,,-15653000.000
OtherNonoperatingIncomeExpense,-3195000.000,-88791000.000,1393000.000,4188000.000,2627000.000,86000.000,-8269000.000,-7505000.000,301000.000,-14653000.000,-7546000.000,-8273000.000,-16736000.000
PaymentsForProceedsFromOtherInvestingActivities,-46000.000,,,,-2633000.000,,,,-474000.000,,,,-639000.000
PaymentsForProceedsFromPreviousAcquisition,,,,,,,,,-15355000.000,,,,
PaymentsForRepurchaseOfCommonStock,,,,,,,,,,,,,58770000.000
PaymentsForRestructuring,6840000.000,6046000.000,9196000.000,2286000.000,2697000.000,2742000.000,2048000.000,,,,,,
PaymentsOfDebtExtinguishmentCosts,,,,,,,,,,,,,14800000.000
PaymentsOfDebtIssuanceCosts,,,,,,,,,,,,,6115000.000
PaymentsRelatedToTaxWithholdingForShareBasedCompensation,,,,,,,,,2721000.000,,,,14758000.000
PaymentsToAcquirePropertyPlantAndEquipment,6675000.000,,,,8213000.000,,,,14472000.000,,,,12910000.000
ProceedsFromIssuanceOfLongTermDebt,15000000.000,,,,,,,,,,,,750000000.000
ProceedsFromIssuanceOfSharesUnderIncentiveAndShareBasedCompensationPlansIncludingStockOptions,1957000.000,,,,11999000.000,,,,1490000.000,,,,5805000.000
ProceedsFromSaleOfPropertyPlantAndEquipment,1183000.000,,,,125000.000,,,,3684000.000,,,,355000.000
ProductWarrantyAccrualAdditionsFromBusinessAcquisition,,,,,,,1900000.000,,,,,,
ProductWarrantyAccrualPayments,4169000.000,3805000.000,4776000.000,4287000.000,3230000.000,2544000.000,3127000.000,1387000.000,2326000.000,1801000.000,14000.000,2937000.000,3618000.000
ProductWarrantyAccrualWarrantiesIssued,2269000.000,2662000.000,2504000.000,1818000.000,1542000.000,2372000.000,2054000.000,3330000.000,2051000.000,2468000.000,3435000.000,2791000.000,2202000.000
RedemptionPremium,,,,,,,,,,9900000.000,7800000.000,,
RepaymentsOfLongTermDebt,17558000.000,,,,2199000.000,,,,3146000.000,,,,750000000.000
ResearchAndDevelopmentExpense,31870000.000,33082000.000,30806000.000,29543000.000,27736000.000,27982000.000,31100000.000,49146000.000,52190000.000,51934000.000,48430000.000,48161000.000,48895000.000
RestructuringAndRelatedCostCostIncurredToDate,65800000.000,,,,,,,,,,,,
RestructuringCharges,1980000.000,,,,,,,,,,,,
RestructuringReserveTranslationAndOtherAdjustment,14000.000,-223000.000,-668000.000,-529000.000,-103000.000,-986000.000,214000.000,,,,,,
Revenues,935036000.000,1066256000.000,1000427000.000,827895000.000,825400000.000,867290000.000,972597000.000,1142541000.000,1143979000.000,1306788000.000,1293948000.000,1178906000.000,1137285000.000
SalesRevenueNet,935036000.000,1066256000.000,1000427000.000,827895000.000,825400000.000,867290000.000,972597000.000,1142541000.000,1143979000.000,1306788000.000,1293948000.000,1178906000.000,1137285000.000
SellingGeneralAndAdministrativeExpense,113028000.000,121070000.000,121417000.000,129376000.000,125671000.000,130797000.000,203820000.000,227101000.000,209197000.000,234333000.000,220835000.000,215130000.000,211554000.000
ShareBasedCompensation,3676000.000,,,,5253000.000,,,,8835000.000,,,,9412000.000
ShareBasedCompensationArrangementByShareBasedPaymentAwardAcceleratedCompensationCost,,,,,,5300000.000,,,,,,,
ShareBasedCompensationArrangementByShareBasedPaymentAwardFairValueAssumptionsExpectedVolatilityRate,0.450,,,,,,,,,,,,
ShareBasedCompensationArrangementByShareBasedPaymentAwardFairValueAssumptionsRiskFreeInterestRate,0.015,,,,,,,,,,,,
ShareBasedCompensationArrangementByShareBasedPaymentAwardOptionsExercisesInPeriodTotalIntrinsicValue,5483000.000,,,,,,,,,,,,
ShareBasedCompensationArrangementByShareBasedPaymentAwardOptionsGrantsInPeriodGross,750000.000,,,,,,,,,,,,
ShareBasedCompensationArrangementByShareBasedPaymentAwardOptionsGrantsInPeriodWeightedAverageGrantDateFairValue,9.400,,,,,,,,,,,,
ShareBasedCompensationArrangementByShareBasedPaymentAwardPlanModificationIncrementalCompensationCost,,,,,,,,,1600000.000,,,,
ShareBasedCompensationArrangementsByShareBasedPaymentAwardOptionsExercisesInPeriodWeightedAverageExercisePrice,6.620,,,,,,,,,,,,
ShareBasedCompensationArrangementsByShareBasedPaymentAwardOptionsGrantsInPeriodWeightedAverageExercisePrice,23.000,,,,,,,,,,,,
SharebasedCompensationArrangementBySharebasedPaymentAwardCompensationCost1,,,,,1300000.000,,,,,,,,
SharebasedCompensationArrangementBySharebasedPaymentAwardEquityInstrumentsOtherThanOptionsAggregateIntrinsicValueVested,4700000.000,,,,,,,,,,,,
StandardAndExtendedProductWarrantyAccrualForeignCurrencyTranslationGainLoss,,,,,,,,,,,,,-35000.000
StockIssuedDuringPeriodSharesStockOptionsExercised,337000.000,,,,,,,,,,,,
TreasuryStockAcquiredAverageCostPerShare,,,,,,,,,,,,,39.810
TreasuryStockSharesAcquired,,,,,,,,,,,,,1600000.000
TreasuryStockValueAcquiredCostMethod,,,,,,,,,,,,,65000000.000
WeightedAverageNumberOfDilutedSharesOutstanding,190922000.000,190984000.000,191627000.000,-382083000.000,193137000.000,194004000.000,190269000.000,-387534000.000,195456000.000,196073000.000,196598000.000,-391668000.000,199140000.000
WeightedAverageNumberOfSharesOutstandingBasic,185942000.000,186509000.000,187407000.000,-372953000.000,188480000.000,189682000.000,190269000.000,-378555000.000,191642000.000,192241000.000,192719000.000,-384132000.000,194068000.000
