,2013-06-30,2013-09-30,2014-03-31,2014-06-30,2014-09-30,2014-12-31,2015-03-31,2015-06-30,2015-09-30,2015-12-31,2016-03-31,2016-06-30,2016-09-30
AllocatedShareBasedCompensationExpense,,,,,,,12500000.000,10100000.000,9900000.000,6000000.000,5700000.000,5300000.000,
AmortizationOfFinancingCosts,,,737000.000,,,,1028000.000,,,,1241000.000,,
AssetImpairmentCharges,6718000.000,23626000.000,19808000.000,3172000.000,7751000.000,33000.000,6272000.000,8882000.000,1566000.000,1912000.000,305000.000,5789000.000,
CashAndCashEquivalentsPeriodIncreaseDecrease,,,1613000.000,,,,3083000.000,,,,-55977000.000,,
ContractualInterestExpenseOnPrepetitionLiabilitiesNotRecognizedInStatementOfOperations,,,,,,,,,,,,25284000.000,
CostsAndExpenses,555767000.000,566739000.000,523726000.000,491991000.000,506921000.000,483258000.000,460980000.000,399773000.000,259822000.000,238606000.000,198722000.000,212616000.000,
DebtorReorganizationItemsDebtorInPossessionFacilityFinancingCosts,,,,,,,,,,,,478000.000,
DebtorReorganizationItemsLegalAndAdvisoryProfessionalFees,,,,,,,,,,,,405000.000,
DebtorReorganizationItemsWriteOffOfDeferredFinancingCostsAndDebtDiscounts,,,,,,,,,,,,12544000.000,
DeferredIncomeTaxExpenseBenefit,,,-11030000.000,,,,-16232000.000,,,,-8066000.000,,
DepreciationDepletionAndAmortization,72490000.000,72983000.000,72465000.000,71829000.000,73855000.000,74763000.000,84975000.000,72950000.000,68854000.000,68642000.000,69645000.000,69877000.000,
EarningsPerShareBasic,,,,,-0.040,,-0.780,-1.500,-0.950,-1.190,-1.090,-1.530,
EarningsPerShareDiluted,,,,,-0.040,,-0.780,-1.500,-0.950,-1.190,-1.090,-1.530,
EffectiveIncomeTaxRateContinuingOperations,,,,,0.580,,0.300,0.350,0.270,-0.630,0.120,0.210,
GainLossOnSaleOfBusiness,,,,,,,,-34989000.000,0.000,,,0.000,
GainLossOnSaleOfPropertyPlantEquipment,1746000.000,265000.000,-977000.000,8964000.000,-454000.000,-1261000.000,-4210000.000,-9010000.000,-1804000.000,368000.000,450000.000,,
GainsLossesOnExtinguishmentOfDebt,,,,,,,,13085000.000,4975000.000,,,0.000,
GeneralAndAdministrativeExpense,20922000.000,18863000.000,20887000.000,19368000.000,32723000.000,35161000.000,33912000.000,34815000.000,26709000.000,16705000.000,22262000.000,39717000.000,
IncomeLossFromContinuingOperationsBeforeIncomeTaxesExtraordinaryItemsNoncontrollingInterest,12043000.000,-29979000.000,-29254000.000,35746000.000,-4235000.000,-12425000.000,-53833000.000,-115349000.000,-66074000.000,-78763000.000,-67637000.000,-107461000.000,
IncomeLossFromEquityMethodInvestments,-1053000.000,262000.000,-917000.000,-4500000.000,-347000.000,-330000.000,972000.000,136000.000,-230000.000,-8806000.000,0.000,0.000,
IncomeTaxExpenseBenefit,4867000.000,-11295000.000,-10697000.000,14036000.000,-2465000.000,-3063000.000,-16232000.000,-40679000.000,-17544000.000,-18173000.000,-8074000.000,-22956000.000,0.000
IncreaseDecreaseInOtherOperatingCapitalNet,,,-1628000.000,,,,35102000.000,,,,6174000.000,,
InterestExpense,14138000.000,14028000.000,14692000.000,17615000.000,23606000.000,23821000.000,23516000.000,24968000.000,25480000.000,25303000.000,25279000.000,20464000.000,
InterestPaidNet,,,3184000.000,,,,21744000.000,,,,20816000.000,,
LeaseAndRentalExpense,28900000.000,28800000.000,15000000.000,12600000.000,5600000.000,2300000.000,1800000.000,2200000.000,2200000.000,1800000.000,1800000.000,1600000.000,
LimitedLiabilityCompanyLLCOrLimitedPartnershipLPMembersOrLimitedPartnersOwnershipInterest,,,1.000,,,,1.000,,,,1.000,,
NetCashProvidedByUsedInFinancingActivities,,,59300000.000,,,,14263000.000,,,,-1582000.000,,
NetCashProvidedByUsedInFinancingActivitiesContinuingOperations,,,59300000.000,,,,14263000.000,,,,-1582000.000,,
NetCashProvidedByUsedInInvestingActivities,,,-112269000.000,,,,-38693000.000,,,,-58270000.000,,
NetCashProvidedByUsedInInvestingActivitiesContinuingOperations,,,-112269000.000,,,,-38693000.000,,,,-58270000.000,,
NetCashProvidedByUsedInOperatingActivities,,,54582000.000,,,,27513000.000,,,,3875000.000,,
NetCashProvidedByUsedInOperatingActivitiesContinuingOperations,,,54582000.000,,,,27513000.000,,,,3875000.000,,
NetIncomeLoss,7176000.000,-18684000.000,-18557000.000,21710000.000,-1770000.000,-9362000.000,-37601000.000,,,,-59563000.000,,
NonoperatingIncomeExpense,-15254000.000,-13643000.000,-15238000.000,-21729000.000,-24087000.000,-24110000.000,-22640000.000,-10704000.000,-19793000.000,-32945000.000,-24276000.000,-32965000.000,
OperatingCostsAndExpenses,457383000.000,451532000.000,409589000.000,406586000.000,392138000.000,372040000.000,331611000.000,239127000.000,160889000.000,124243000.000,106960000.000,96219000.000,
OperatingIncomeLoss,27297000.000,-16336000.000,-14016000.000,57475000.000,19852000.000,11685000.000,-31193000.000,-104645000.000,-46281000.000,-45818000.000,-43361000.000,-74496000.000,
OtherAssetImpairmentCharges,,,11430000.000,,,,6272000.000,,,,305000.000,,
OtherNoncashIncomeExpense,,,-229000.000,,,,,,,,17000.000,,
OtherNonoperatingIncomeExpense,-63000.000,123000.000,371000.000,386000.000,-134000.000,41000.000,-96000.000,1043000.000,942000.000,1163000.000,1003000.000,926000.000,
PaymentsForProceedsFromInvestments,,,73000.000,,,,88000.000,,,,0.000,,
PaymentsForProceedsFromOtherInvestingActivities,,,73000.000,,,,-14000.000,,,,-21000.000,,
PaymentsOfDistributionsToAffiliates,,,0.000,,,,0.000,,,,0.000,,
PaymentsToAcquirePropertyPlantAndEquipment,,,118571000.000,,,,40607000.000,,,,54207000.000,,
PaymentsToAcquireShortTermInvestments,,,,,,,,,,,6242000.000,,
ProceedsFromContributionsFromAffiliates,,,,,,,0.000,,,,,,
ProceedsFromLinesOfCredit,,,281500000.000,,,,109300000.000,,,,0.000,,
ProceedsFromPaymentsForOtherFinancingActivities,,,,,,,-537000.000,,,,-332000.000,,
ProceedsFromSaleOfProductiveAssets,,,6375000.000,,,,1988000.000,,,,2158000.000,,
ProfitLoss,,,,,,,-37601000.000,-74670000.000,-48530000.000,-60590000.000,-59563000.000,-84505000.000,
ProvisionForDoubtfulAccounts,,,,,,,2580000.000,,,,842000.000,,
ReorganizationItems,,,,,,,,,,,,13427000.000,
RepaymentsOfLinesOfCredit,,,222200000.000,,,,94500000.000,,,,0.000,,
RevenueFromRelatedParties,544301000.000,476951000.000,430835000.000,,,,,,,,,,
Revenues,583064000.000,550403000.000,509710000.000,549466000.000,526773000.000,494943000.000,429787000.000,295128000.000,213541000.000,192788000.000,155361000.000,138120000.000,
SalesRevenueNet,583064000.000,550403000.000,509710000.000,549466000.000,526773000.000,494943000.000,429787000.000,295128000.000,213541000.000,192788000.000,155361000.000,138120000.000,
ShareBasedCompensation,,,,,,,18355000.000,,,,6112000.000,,
ShareBasedCompensationArrangementByShareBasedPaymentAwardOptionsGrantsInPeriodGross,,,,,0.000,,0.000,,,,0.000,,
ShareBasedCompensationArrangementsByShareBasedPaymentAwardOptionsExercisesInPeriodWeightedAverageExercisePrice,,,,,0.000,,0.000,,,,0.000,,
ShareBasedCompensationArrangementsByShareBasedPaymentAwardOptionsGrantsInPeriodWeightedAverageExercisePrice,,,,,0.000,,0.000,,,,0.000,,
StockIssuedDuringPeriodSharesStockOptionsExercised,,,,,,,,,,,0.000,,
StockIssuedDuringPeriodValueShareBasedCompensation,,,,,,,13096000.000,,,,5404000.000,,
TemporaryEquityInterestInSubsidiaryEarnings,,,,,,,0.000,0.000,0.000,,0.000,0.000,
WeightedAverageNumberDilutedSharesOutstandingAdjustment,,,,0.000,0.000,,0.000,0.000,0.000,,,,
WeightedAverageNumberOfDilutedSharesOutstanding,,,,,47331000.000,,48275000.000,49788000.000,51117000.000,-99084000.000,54492000.000,55057000.000,
WeightedAverageNumberOfSharesIssuedBasic,,,,,,,48275000.000,49788000.000,51117000.000,,,,
WeightedAverageNumberOfSharesOutstandingBasic,,,,,47331000.000,,48275000.000,49788000.000,51117000.000,-99084000.000,54492000.000,55057000.000,
WeightedAverageNumberOfSharesRestrictedStock,,,,,,,0.000,0.000,0.000,,,,
