,2012-06-30,2012-09-30,2013-03-31,2013-06-30,2013-09-30,2013-12-31,2014-03-31,2014-06-30,2014-09-30,2014-12-31,2015-03-31,2015-06-30,2015-09-30,2015-12-31,2016-03-31,2016-06-30,2016-09-30,2016-12-31,2017-03-31
AllocatedShareBasedCompensationExpense,299100.000,300000.000,,,200000.000,,,,,,,,,,,,,,
AmortizationOfDebtDiscountPremium,,,108000.000,,,,149000.000,,,,171000.000,,,,295000.000,,,,27000.000
AntidilutiveSecuritiesExcludedFromComputationOfEarningsPerShareAmount,,,,,,,3048000.000,,,,4108000.000,,,,5653000.000,,,,
CapitalExpendituresIncurredButNotYetPaid,,,,,,,,,,,,,,,,,,,0.000
ComprehensiveIncomeNetOfTax,-3234000.000,-3118000.000,-5150000.000,-6023000.000,-6862000.000,-10993000.000,-7827000.000,-9898000.000,-12939000.000,-18892000.000,-17181000.000,-17583000.000,-17900000.000,-20699000.000,-21595000.000,-18552000.000,-19322000.000,-22681000.000,-14894000.000
CostOfRevenue,,,,,,,,,,,35000.000,116000.000,940000.000,1158000.000,1176000.000,1233000.000,1559000.000,1433000.000,269000.000
DefinedContributionPlanCostRecognized,8095.000,19000.000,31000.000,,,,,,,,,,,,,,,,
DepreciationDepletionAndAmortization,,,47000.000,,,,66000.000,,100000.000,,227000.000,200000.000,300000.000,559000.000,,600000.000,600000.000,,
EarningsPerShareBasicAndDiluted,-2.090,-0.420,-0.390,-0.360,-0.400,-0.650,-0.410,-0.420,-0.540,-0.820,-0.650,-0.640,-0.660,-0.750,-0.800,-0.620,-0.540,-0.600,-0.420
EquityMethodInvestmentSummarizedFinancialInformationGrossProfitLoss,,,,,,,,300000.000,500000.000,,500000.000,,,,,,,,
GeneralAndAdministrativeExpense,1883000.000,1525000.000,2495000.000,3445000.000,3663000.000,3729000.000,2998000.000,,,,,,,,,,,,
IncomeLossFromContinuingOperationsBeforeIncomeTaxesExtraordinaryItemsNoncontrollingInterest,,,,,,,,,,,,,,,-21683000.000,-18518000.000,-19199000.000,-22659000.000,-14886000.000
IncomeLossFromEquityMethodInvestments,,,,,,,-97000.000,-295000.000,-523000.000,-668000.000,-471000.000,-389000.000,-316000.000,-385000.000,-391000.000,-416000.000,-364000.000,-371000.000,-421000.000
IncomeTaxExpenseBenefit,,,,,,,,,,,,,,,75000.000,50000.000,92000.000,-16000.000,9000.000
IncreaseDecreaseInAccountsPayable,,,73000.000,,,,1401000.000,,,,-657000.000,,,,378000.000,,,,184000.000
IncreaseDecreaseInAccruedLiabilitiesAndOtherOperatingLiabilities,,,-61000.000,,,,228000.000,,,,-3528000.000,,,,721000.000,,,,-3239000.000
IncreaseDecreaseInPrepaidDeferredExpenseAndOtherAssets,,,-97000.000,,,,-45000.000,,,,239000.000,,,,-470000.000,,,,-458000.000
IncreaseDecreaseInRestrictedCash,,,,,,,,,,,,,,,-88000.000,,,,0.000
InterestIncomeExpenseNet,,,,,,,-57000.000,-27000.000,-25000.000,,,101000.000,141000.000,,174000.000,161000.000,162000.000,,182000.000
InvestmentIncomeInterest,,2000.000,18000.000,25000.000,34000.000,13000.000,,,,,44000.000,,,,,,,,
IssuanceOfStockAndWarrantsForServicesOrClaims,,,,,,,,,,,,,,,38000.000,,,,38000.000
NetCashProvidedByUsedInContinuingOperations,,,28412000.000,,,,38056000.000,,,,128284000.000,,,,-22746000.000,,,,-18497000.000
NetCashProvidedByUsedInFinancingActivities,,,32652000.000,,,,51661000.000,,,,124787000.000,,,,0.000,,,,0.000
NetCashProvidedByUsedInFinancingActivitiesContinuingOperations,,,32652000.000,,,,51661000.000,,,,124787000.000,,,,0.000,,,,0.000
NetCashProvidedByUsedInInvestingActivities,,,-184000.000,,,,-8644000.000,,,,17891000.000,,,,-7336000.000,,,,-3312000.000
NetCashProvidedByUsedInInvestingActivitiesContinuingOperations,,,-184000.000,,,,-8644000.000,,,,17891000.000,,,,-7336000.000,,,,-3312000.000
NetCashProvidedByUsedInOperatingActivities,,,-4056000.000,,,,-4961000.000,,,,-14394000.000,,,,-15410000.000,,,,-15185000.000
NetCashProvidedByUsedInOperatingActivitiesContinuingOperations,,,-4056000.000,,,,-4961000.000,,,,-14394000.000,,,,-15410000.000,,,,-15185000.000
NetIncomeLoss,-3234000.000,-3118000.000,-5157000.000,-5996000.000,-6891000.000,-11000000.000,-7814000.000,-9893000.000,-12923000.000,-18890000.000,-17206000.000,-17490000.000,-17922000.000,-20601000.000,-21758000.000,-18568000.000,-19291000.000,-22643000.000,-14895000.000
NetIncomeLossAvailableToCommonStockholdersBasic,-3234000.000,-3118000.000,-5157000.000,-5996000.000,-6891000.000,-11000000.000,-7814000.000,,,,,,,,,,,,
OperatingExpenses,3234000.000,3120000.000,5175000.000,6021000.000,6925000.000,11013000.000,7650000.000,9595000.000,12399000.000,18289000.000,16828000.000,17204000.000,17847000.000,20397000.000,21585000.000,18430000.000,19161000.000,22489000.000,14650000.000
OperatingIncomeLoss,-3234000.000,-3120000.000,-5175000.000,-6021000.000,-6925000.000,-11013000.000,-7650000.000,-9595000.000,-12399000.000,-18289000.000,-16813000.000,-17174000.000,-17772000.000,-20240000.000,-21439000.000,-18241000.000,-18964000.000,-22368000.000,-14587000.000
OtherComprehensiveIncomeUnrealizedHoldingGainLossOnSecuritiesArisingDuringPeriodNetOfTax,,,7000.000,-27000.000,29000.000,7000.000,-13000.000,-5000.000,-16000.000,-2000.000,25000.000,-93000.000,22000.000,-98000.000,163000.000,16000.000,-31000.000,-38000.000,1000.000
OtherNonoperatingIncomeExpense,,,,,,,-10000.000,24000.000,24000.000,84000.000,34000.000,-28000.000,25000.000,-51000.000,-27000.000,-22000.000,-33000.000,-82000.000,-60000.000
OtherThanTemporaryImpairmentLossesInvestmentsAvailableforsaleSecurities,,,,0.000,0.000,,,,,,,,,,,,,,
PaymentsToAcquireInterestInJointVenture,,,,,,,1500000.000,,,,750000.000,,,,750000.000,,,,0.000
PaymentsToAcquirePropertyPlantAndEquipment,,,184000.000,,,,,,,,389000.000,,,,370000.000,,,,75000.000
PaymentsToAcquireShortTermInvestments,,,,,,,16273000.000,,,,,,,,27118000.000,,,,26562000.000
ProceedsFromIssuanceOfCommonStock,,,32652000.000,,,,51661000.000,,,,124063000.000,,,,0.000,,,,
ProceedsFromMaturitiesPrepaymentsAndCallsOfShorttermInvestments,,,,,,,4714000.000,,,,,,,,,,,,
ProceedsFromSaleMaturityAndCollectionOfShorttermInvestments,,,,,,,,,,,19030000.000,,,,20814000.000,,,,23325000.000
ProceedsFromSaleOfShortTermInvestments,,,,,,,4415000.000,,,,,,,,,,,,
ResearchAndDevelopmentExpense,1351000.000,1595000.000,2680000.000,2576000.000,3262000.000,7284000.000,4652000.000,4534000.000,5325000.000,7273000.000,5747000.000,4021000.000,3998000.000,4667000.000,5955000.000,5987000.000,4990000.000,4709000.000,5764000.000
RestructuringReserveSettledWithoutCash2,,,,,,,,,,,,,,,,,,,60000.000
Revenues,,,,,,,,,,,15000.000,30000.000,75000.000,157000.000,146000.000,189000.000,197000.000,121000.000,63000.000
SalesRevenueNet,,,,,,,,,,,15000.000,30000.000,75000.000,157000.000,146000.000,189000.000,197000.000,121000.000,63000.000
SellingGeneralAndAdministrativeExpense,,,,,,,,5061000.000,7074000.000,,11046000.000,13067000.000,12909000.000,14572000.000,14454000.000,11210000.000,12612000.000,10947000.000,7129000.000
ShareBasedCompensation,,,837000.000,,,,867000.000,,,,6367000.000,,,,3551000.000,,,,1360000.000
ShareBasedCompensationArrangementByShareBasedPaymentAwardEquityInstrumentsOtherThanOptionsGrantsInPeriodWeightedAverageGrantDateFairValue,,,,,,,,,,,,,,,,,,,1.200
ShareBasedCompensationArrangementByShareBasedPaymentAwardOptionsExercisesInPeriodTotalIntrinsicValue,,,,,,,,600000.000,,,,,,,,,,,
ShareBasedCompensationArrangementByShareBasedPaymentAwardOptionsGrantsInPeriodGross,,,,,,,,,,,,,,,,,,,1832250.000
ShareBasedCompensationArrangementsByShareBasedPaymentAwardOptionsGrantsInPeriodWeightedAverageExercisePrice,,,,,,,,,,,,,,,,,,,1.580
VariableInterestEntityOwnershipPercentage,,,,,,,,,,,0.500,,,,0.500,,,,0.500
WeightedAverageNumberOfShareOutstandingBasicAndDiluted,1548000.000,7438000.000,13345000.000,16869000.000,17048000.000,-31102000.000,19214000.000,23546000.000,23766000.000,-43879000.000,26588000.000,27198000.000,27267000.000,-53968000.000,27301000.000,30036000.000,35568000.000,-60757000.000,35642000.000
