,2012-06-30,2012-09-30,2013-03-31,2013-06-30,2013-09-30,2013-12-31,2014-03-31,2014-06-30,2014-09-30,2014-12-31,2015-03-31,2015-06-30,2015-09-30,2015-12-31
AdjustmentForAmortization,,,,,,,6272.000,8737.000,18419.000,16969.000,15449.000,15833.000,15011.000,14814.000
AdministrativeFeesExpense,,,,,,,33986.000,37050.000,36173.000,,,,,
AdmissionsRevenue,,,,,,,425540.000,177621.000,629977.000,1110100.000,203194.000,456607.000,226845.000,97134.000
AdvertisingExpense,14.000,22.000,0.000,,,,,,,,,,,
AircraftRental,,,,,,,27979.000,63390.000,36961.000,90703.000,24027.000,19804.000,9331.000,16159.000
AllowanceForLoanAndLeaseLossesRecoveriesOfBadDebts,,,0.000,,,,,,,,,,,
AmortizationOfDeferredCharges,,,,,,,55202.000,,,,92164.000,,,
AmortizationOfFinancingCosts,,,,,,,48930.000,61363.000,66397.000,98477.000,76715.000,77646.000,84292.000,75492.000
AmortizationOfIntangibleAssets,250.000,250.000,250.000,250.000,,,,,,,,,,
AmortizationOfLeasedAsset,,,,,,,,,,,28355.000,,,
CashAcquiredInExcessOfPaymentsToAcquireBusiness,,,,,,,562.000,,,,,,,
CashAndCashEquivalentsPeriodIncreaseDecrease,,,,,,,-32745.000,,,,-270474.000,,,
CashPeriodIncreaseDecrease,,,-13958.000,,,,,,,,,,,
ClearanceFees,,,,,,,59060.000,431761.000,154700.000,224873.000,82899.000,88157.000,90449.000,1993066.000
ComprehensiveIncomeNetOfTax,,,,,,,-38666.000,-524138.000,-534023.000,-134853.000,-1340822.000,-930435.000,-558629.000,-3919342.000
ContractsRevenue,,,,,,,250586.000,272412.000,333558.000,261308.000,67628.000,113751.000,106288.000,14386.000
CostOfGoodsSold,15488.000,13688.000,1481.000,,,,,,,,,,,
CostOfServicesDirectMaterials,,,,,,,59729.000,-147774.000,215295.000,44575.000,101677.000,23275.000,-4326.000,94952.000
DeferredFinanceCostsOwnshareLendingArrangementIssuanceCostsAccumulatedAmortizationAdjustment,,,,,,,,,,,7144.000,,,
DeferredFinanceCostsOwnshareLendingArrangementIssuanceCostsAdjustment,,,,,,,,,,,43320.000,,,
DirectOperatingCosts,,,,,,,821959.000,1227785.000,1758782.000,1469520.000,1277090.000,1316745.000,997060.000,788335.000
DiscontinuedOperationIncomeLossFromDiscontinuedOperationBeforeIncomeTax,,,,-2457.000,-3500.000,,,,,,,,,
EarningsPerShareBasicAndDiluted,,-0.010,0.000,,,,,-0.010,-0.010,,-0.010,-0.010,-0.010,-0.030
EffectOfExchangeRateOnCashAndCashEquivalents,,,,,,,-20575.000,,,,151820.000,,,
EquipmentExpense,,,,,,,104195.000,225484.000,174991.000,320480.000,192550.000,178915.000,177050.000,99733.000
ForeignCurrencyTransactionGainLossUnrealized,,,0.000,,,,,,,,,,,
FreightCosts,,,,,,,307466.000,218071.000,271032.000,311734.000,130981.000,245756.000,157014.000,26730.000
GainLossOnSaleOfPropertyPlantEquipment,,,,,,,,,,,,7508.000,-148.000,
GainLossRelatedToLitigationSettlement,,,,,,,,20400.000,,,,,,
GasGatheringTransportationMarketingAndProcessingRevenue,,,,,,,,709357.000,524592.000,,572536.000,630037.000,532918.000,689965.000
GeneralAndAdministrativeExpense,,,,,,,,,,,211212.000,81871.000,-6770.000,43018.000
GrossProfit,2203.000,2175.000,-1232.000,,,,280181.000,580389.000,644961.000,1229208.000,4015.000,40935.000,38667.000,141027.000
IncomeLossFromContinuingOperations,,,,-146237.000,-176940.000,,,67818.000,-178691.000,,-551.000,86592.000,88077.000,358046.000
IncomeLossFromContinuingOperationsBeforeIncomeTaxesDomestic,,,,-146237.000,-176940.000,,,,,,,,,
IncomeLossFromContinuingOperationsBeforeIncomeTaxesExtraordinaryItemsNoncontrollingInterest,-21861.000,-31371.000,-15629.000,,,,,,,,,,,
IncomeLossFromContinuingOperationsPerBasicAndDilutedShare,,,,0.000,0.000,,,,,,,,,
IncomeLossFromDiscontinuedOperationsNetOfTax,,,,-2457.000,-3500.000,,,,,,,,,
IncomeLossFromDiscontinuedOperationsNetOfTaxPerBasicAndDilutedShare,,,,0.000,-0.000,,,,,,,,,
IncomeTaxExpenseBenefit,0.000,,,,,,,,,,,,,
IncomeTaxesPaid,,,,,,,,,,,9164.000,,,
IncreaseDecreaseDueFromOtherRelatedParties,,,,,,,-16953.000,,,,3485.000,,,
IncreaseDecreaseInAccountsPayable,,,,,,,103745.000,,,,146263.000,,,
IncreaseDecreaseInAccountsPayableAndAccruedLiabilities,,,,,,,24008.000,,,,20564.000,,,
IncreaseDecreaseInAccruedLiabilities,,,-60.000,,,,,,,,,,,
IncreaseDecreaseInDeferredRevenue,,,,,,,83405.000,,,,-18030.000,,,
IncreaseDecreaseInDueToRelatedParties,,,,,,,19500.000,,,,-23007.000,,,
IncreaseDecreaseInInventories,,,-249.000,,,,58030.000,,,,144601.000,,,
IncreaseDecreaseInPrepaidExpensesOther,,,,,,,-88283.000,,,,-3699.000,,,
InterestExpense,1365.000,1365.000,,,,,,34529.000,25021.000,,61886.000,518211.000,166354.000,416359.000
InterestPaid,,,,,,,13645.000,,,,22543.000,,,
LaborAndRelatedExpense,,,,,,,37556.000,57727.000,,,,,,
LossContingencyAccrualProvision,,,,,,,83405.000,102216.000,88842.000,33797.000,88376.000,62543.000,44748.000,-12183.000
ManagementFeeExpense,,,,,,,126843.000,201055.000,190313.000,166163.000,596543.000,84942.000,88407.000,910595.000
MarketingExpense,15000.000,15000.000,,,,,1513.000,1529.000,2004.000,,,,,
NetCashProvidedByUsedInFinancingActivities,,,,,,,-60590.000,,,,348910.000,,,
NetCashProvidedByUsedInFinancingActivitiesContinuingOperations,,,,,,,-60590.000,,,,348910.000,,,
NetCashProvidedByUsedInInvestingActivities,,,,,,,-66439.000,,,,-369261.000,,,
NetCashProvidedByUsedInInvestingActivitiesContinuingOperations,,,,,,,-66439.000,,,,-369261.000,,,
NetCashProvidedByUsedInOperatingActivities,,,-13958.000,,,,114859.000,,,,-401943.000,,,
NetCashProvidedByUsedInOperatingActivitiesContinuingOperations,,,-13958.000,,,,114859.000,,,,-401943.000,,,
NetIncomeLoss,-21861.000,-31371.000,-15629.000,-148694.000,-180440.000,-180240.000,-123795.000,-581117.000,-332436.000,-158289.000,-1260643.000,-1017849.000,-659487.000,-4490490.000
NetIncomeLossIncludingPortionAttributableToNonredeemableNoncontrollingInterest,,,,,,,54045.000,,,,,,,
OperatingCostsAndExpenses,,,,,,,57651.000,53292.000,49097.000,80962.000,47557.000,57138.000,64242.000,-10005.000
OperatingExpenses,,,,,,,403976.000,1181906.000,977397.000,1261962.000,1202772.000,548081.000,531652.000,3693656.000
OperatingIncomeLoss,-20496.000,-30006.000,-15629.000,-146237.000,-176940.000,,,,,,,,,
OtherComprehensiveIncomeForeignCurrencyTransactionAndTranslationAdjustmentNetOfTaxPortionAttributableToParent,,,,,,,31084.000,,,,,,,
OtherComprehensiveIncomeLossForeignCurrencyTransactionAndTranslationAdjustmentNetOfTax,,,,,,,31084.000,-10839.000,-22896.000,-52747.000,-79628.000,822.000,12781.000,213102.000
OtherNonoperatingIncomeExpense,-1365.000,-1365.000,,,,,,,,,-61886.000,-510703.000,-166502.000,-932955.000
PaymentsForSoftware,,,,,,,47131.000,36716.000,159333.000,35800.000,42141.000,26501.000,25011.000,36642.000
PaymentsToAcquireOtherRealEstate,,,,,,,,,,,170576.000,,,
PaymentsToAcquirePropertyPlantAndEquipment,,,,,,,67001.000,,,,8039.000,,,
ProceedsFromConvertibleDebt,,,,,,,250000.000,,,,536327.000,,,
ProceedsFromLinesOfCredit,,,,,,,,,,,-8802.000,,,
ProceedsFromPaymentsForLongTermLoansForRelatedParties,,,,,,,,,,,-229646.000,,,
ProceedsFromRelatedPartyDebt,,,,,,,,,,,12617.000,,,
ProceedsFromRepaymentsOfRelatedPartyDebt,,,,,,,,,,,39000.000,,,
ProfessionalFees,,,,,,,32714.000,189718.000,119155.000,62777.000,66981.000,86924.000,87807.000,313657.000
ProfitLoss,,,,,,,,-601517.000,-332436.000,,-1198757.000,-507146.000,-492985.000,-3552629.000
RecyclingRevenue,,,,,,,150332.000,354114.000,467257.000,589113.000,167482.000,847.000,-3313.000,-2418.000
RegulatedOperatingRevenueFieldServices,,,,,,,,,,,2251.000,,,
RepaymentsOfConstructionLoansPayable,,,,,,,2715.000,,,,,,,
RepaymentsOfLongTermCapitalLeaseObligations,,,,,,,21144.000,,,,114262.000,,,
RepaymentsOfLongTermDebt,,,,,,,36731.000,,,,33650.000,,,
ResearchAndDevelopmentExpense,,,,,,,,,,,,4034.000,,
RevenueMineralSales,,,,,,,5845.000,17364.000,32073.000,17180.000,2938.000,13595.000,6782.000,3368.000
Revenues,,,,,,,1102140.000,1808174.000,2403743.000,2698728.000,1281105.000,1357680.000,1035727.000,929362.000
SalesRevenueGoodsGross,17691.000,15863.000,249.000,,,,,,,,,,,
SalesRevenueNet,,,,,,,1102140.000,1808174.000,2403743.000,2698728.000,1281105.000,1357680.000,1035727.000,929362.000
SalesRevenueServicesGross,,,,,,,222706.000,240590.000,256953.000,110816.000,225186.000,116342.000,141196.000,43296.000
SellingGeneralAndAdministrativeExpense,22699.000,32181.000,14397.000,146237.000,176940.000,180038.000,,,,,,,,
ShareBasedCompensation,,,,,,,,,,,489215.000,,,
ShareBasedCompensationArrangementByShareBasedPaymentAwardOptionsGrantsInPeriodGross,,,,,,,20427333.000,,,,,,,
ShareBasedCompensationArrangementByShareBasedPaymentAwardOptionsOutstandingPeriodIncreaseDecreaseWeightedAverageExercisePrice,,,,,,,0.100,,,,0.100,,,
ShareBasedCompensationArrangementsByShareBasedPaymentAwardOptionsGrantsInPeriodWeightedAverageExercisePrice,,,,,,,2.000,,,,,,,
TechnologyServicesRevenue,,,,,,,,,,,42141.000,,,
TravelAndEntertainmentExpense,,,,,,,22967.000,50176.000,27707.000,73695.000,47491.000,59958.000,60020.000,49670.000
UnrealizedGainOnForeignCurrencyDerivativesBeforeTax,,,,,,,,12680.000,-20920.000,,,,,
WeightedAverageNumberOfDilutedSharesOutstanding,,,,,,,,89654532.000,99746983.000,,106878613.000,106878613.000,106878613.000,-213298322.000
WeightedAverageNumberOfShareOutstandingBasicAndDiluted,4876000.000,5080000.000,5080000.000,101600000.000,79408529.000,-99985205.000,,,,,,,,
