,2013-02-28,2013-05-31,2013-11-30,2014-02-28,2014-05-31,2014-11-30,2015-02-28,2015-05-31,2015-08-31,2015-11-30,2016-02-29,2016-05-31,2016-08-31,2016-11-30,2017-02-28
AccretionAmortizationOfDiscountsAndPremiumsInvestments,,,,,,,,,,81000.000,,,,,
AmortizationOfDebtDiscountPremium,,,,,,6523.000,,,,,,,,,
AvailableForSaleSecuritiesGrossRealizedGainsLossesSaleProceeds,,,,,,500000.000,,,,,,,,,
CashAndCashEquivalentsPeriodIncreaseDecrease,,,-5291.000,,,-322487.000,,,,-181397.000,,,,325869.000,
ChangeInUnrealizedGainLossOnFairValueHedgingInstruments1,,,,,,0.000,-136870.000,-57956.000,82091.000,202249.000,20486.000,-412115.000,-772755.000,478762.000,-57445.000
ChangeInUnrealizedGainLossOnHedgedItemInFairValueHedge1,,,,,,,,,,202249.000,,,,,
CostOfGoodsSold,5500.000,0.000,0.000,0.000,0.000,,,,,,,,,,
CostOfServices,,,,,,1578471.000,979967.000,1166113.000,1166821.000,875299.000,1127327.000,1212169.000,1628600.000,1740165.000,1232260.000
DepreciationAndAmortization,,,,,,15837.000,,,,16179.000,,,,15850.000,15926.000
DepreciationDepletionAndAmortization,,,,,,15840.000,,,,16179.000,,,,15850.000,
EarningsPerShareBasic,,-0.010,,,,,,,,,,,,,
EarningsPerShareBasicAndDiluted,,,0.000,0.000,0.000,-0.010,-0.060,-0.050,-0.120,-0.070,-0.050,-0.030,-0.020,0.070,-0.010
EquityIssuancePerShareAmount,,,,,,1.000,,,,,,,,,
ExtinguishmentOfDebtAmount,,,15775.000,,,,,,,,,,,,
FairValueAssumptionsExpectedDividendRate,,,,,,,,,,0.000,,,,,
FairValueAssumptionsExpectedVolatilityRate,,,,,,,,,,1.000,,,,,
FairValueAssumptionsRiskFreeInterestRate,,,,,,,,,,0.027,,,,,
GainLossOnContractTermination,,,,,,,,,,250000.000,,,,,
GeneralAndAdministrativeExpense,485.000,20911.000,5541.000,10338.000,24518.000,,,,,,,,,,
GrossProfit,1000.000,0.000,0.000,0.000,0.000,,,,,,,,,,
IncomeLossFromContinuingOperations,515.000,,,,,,,,,-3258758.000,-2222254.000,-1526201.000,-1517215.000,3992627.000,-886306.000
IncomeLossFromContinuingOperationsBeforeIncomeTaxesExtraordinaryItemsNoncontrollingInterest,,,,,,-569213.000,-2224645.000,-1977089.000,-5070964.000,-3258758.000,-2222254.000,-1526201.000,-1517848.000,3992627.000,-886306.000
IncomeLossFromContinuingOperationsIncludingPortionAttributableToNoncontrollingInterest,,,,,,-569213.000,,,,,,,,,
IncomeLossFromContinuingOperationsPerBasicAndDilutedShare,,,,,,-0.010,,,,-0.070,-0.050,-0.030,-0.020,0.070,-0.010
IncomeLossFromContinuingOperationsPerBasicShare,0.000,,,,,,,,,,,,,,
IncomeTaxExaminationPenaltiesAndInterestExpense,,,,,,0.000,,,,,,,,,
IncomeTaxExpenseBenefit,,,0.000,0.000,0.000,,,-111.000,,,,,,,
IncomeTaxesPaid,,,0.000,,,,,,,,,,,,
IncreaseDecreaseDueFromOfficersAndStockholders,,,,,,42890.000,,,,-2375.000,,,,,
IncreaseDecreaseInAccountsPayable,,,250.000,,,-204546.000,,,,169157.000,,,,-242390.000,
IncreaseDecreaseInAccountsReceivable,,,,,,-439804.000,,,,-342410.000,,,,465451.000,
IncreaseDecreaseInAccruedLiabilities,,,,,,20177.000,,,,154353.000,,,,-65518.000,
IncreaseDecreaseInDeferredRevenue,,,,,,-993897.000,,,,56426.000,,,,301021.000,
IncreaseDecreaseInDepositOtherAssets,,,,,,,,,,-251.000,,,,-678.000,
IncreaseDecreaseInEmployeeRelatedLiabilities,,,,,,16653.000,,,,82020.000,,,,28673.000,
IncreaseDecreaseInInterestPayableNet,,,,,,-14848.000,,,,94908.000,,,,91324.000,
IncreaseDecreaseInInventories,,,0.000,,,,,,,,,,,,
IncreaseDecreaseInPrepaidDeferredExpenseAndOtherAssets,,,,,,-196660.000,,,,-37969.000,,,,16740.000,
InterestExpense,,,,,,109528.000,202270.000,198477.000,4177267.000,2052792.000,636724.000,550801.000,559574.000,406839.000,625755.000
InterestPaid,,,0.000,,,117853.000,,,,297009.000,,,,178646.000,
IssuanceOfStockAndWarrantsForServicesOrClaims,,,,,,1000000.000,,,,,,,,,
LaborAndRelatedExpense,,,,,,858960.000,859274.000,1339866.000,-119051.000,691468.000,761953.000,809815.000,766395.000,704181.000,797825.000
LineOfCreditAssumed1,,,,,,300000.000,,,,,,,,,
LossContingencyLossInPeriod,,,,,,5000000.000,,,,5000000.000,,,,,
MarketingAndAdvertisingExpense,,,,,,29685.000,,,,12833.000,,,,7209.000,3550.000
NetCashProvidedByUsedInContinuingOperations,,,,,,-322487.000,,,,-181397.000,,,,325869.000,
NetCashProvidedByUsedInFinancingActivities,,,0.000,,,807250.000,,,,399819.000,,,,1184723.000,
NetCashProvidedByUsedInFinancingActivitiesContinuingOperations,,,0.000,,,807250.000,,,,399819.000,,,,1184723.000,
NetCashProvidedByUsedInInvestingActivities,,,,,,,,,,,,,,-1411.000,
NetCashProvidedByUsedInInvestingActivitiesContinuingOperations,,,,,,,,,,,,,,-1411.000,
NetCashProvidedByUsedInOperatingActivities,,,-5291.000,,,-1129737.000,,,,-581216.000,,,,-857443.000,
NetCashProvidedByUsedInOperatingActivitiesContinuingOperations,,,-5291.000,,,-1129737.000,,,,-581216.000,,,,-857443.000,
NetIncomeLoss,,-20911.000,-5541.000,-10338.000,-24518.000,-569213.000,-2224645.000,-1977200.000,-5070853.000,-3258758.000,-2222254.000,-1526201.000,-1517215.000,3992627.000,-886306.000
NetIncomeLossAvailableToCommonStockholdersBasic,,,,,,,,,,-3258758.000,,,,,
NoncashOrPartNoncashAcquisitionNoncashFinancialOrEquityInstrumentConsiderationWarrantsIssued1,,,,,,,,,,248011.000,,,,,
NonoperatingIncomeExpense,,,,,,-27301.000,-453228.000,-245915.000,-4137721.000,-1867331.000,-632720.000,-979398.000,-1348811.000,4375098.000,-818156.000
OperatingExpenses,,,,,,3206880.000,3251837.000,3902068.000,2681206.000,2681428.000,2967702.000,2701885.000,2900222.000,2923478.000,2715923.000
OperatingIncomeLoss,,,-5541.000,-10338.000,-24518.000,-541912.000,-1771417.000,-1731174.000,-933243.000,-1391427.000,-1589534.000,-546803.000,-169037.000,-382471.000,-68150.000
OperatingLeasesRentExpenseNet,,,,,,80068.000,,,,184111.000,,,,134725.000,
OtherNonoperatingIncomeExpense,,,,,,82227.000,-114088.000,10518.000,-42545.000,-16788.000,-16482.000,-16482.000,-16482.000,,-835.000
PaidInKindInterest,,,,,,,,,,335559.000,,,,248927.000,
PaymentsToAcquirePropertyPlantAndEquipment,,,,,,,,,,,,,,1411.000,
ProceedsFromIssuanceOfCommonStock,,,0.000,,,,,,,310000.000,,,,,
ProceedsFromIssuanceOfWarrants,,,,,,,,,,0.000,,,,1161043.000,
ProceedsFromLoans,,,0.000,,,,,,,,,,,,
ProceedsFromNotesPayable,,,,,,,,,,100000.000,,,,3554850.000,
ProceedsFromSaleOfInterestInCorporateUnit,,,,,,1000000.000,,,,,,,,,
ProfitLoss,,,,,,-569213.000,-2224645.000,,,,,-1526201.000,,3992627.000,
RelatedPartyTransactionRate,,,,,,0.120,,,,,,,,,
RepaymentsOfBankDebt,,,,,,,,,,,,,,271213.000,
RepaymentsOfNotesPayable,,,,,,192750.000,,,,10181.000,,,,2043301.000,
RepaymentsOfOtherDebt,,,,,,,,,,,,,,55613.000,
Revenues,6500.000,0.000,0.000,0.000,0.000,,1480420.000,,,,,,,,
SalesRevenueNet,6500.000,0.000,0.000,0.000,0.000,,1480420.000,,,,,,,,
SalesRevenueServicesNet,,,,,,2664968.000,,2170894.000,,1290001.000,1378168.000,2155082.000,2731185.000,2541007.000,2647773.000
SellingGeneralAndAdministrativeExpense,,,,,,769449.000,1412596.000,364863.000,1006513.000,1026477.000,640181.000,457335.000,425230.000,443638.000,664388.000
ShareBasedCompensation,,,,,,,,1031226.000,,20084.000,,,,,35494.000
ShareBasedCompensationArrangementByShareBasedPaymentAwardOptionsForfeituresAndExpirationsInPeriod,,,,,,,,,,0.000,,,,0.000,
ShareBasedCompensationArrangementByShareBasedPaymentAwardOptionsForfeituresAndExpirationsInPeriodWeightedAverageExercisePrice,,,,,,,,,,0.000,,,,,
ShareBasedCompensationArrangementByShareBasedPaymentAwardOptionsGrantsInPeriodGross,,,,,,,,,,0.000,,,,0.000,
ShareBasedCompensationArrangementsByShareBasedPaymentAwardOptionsExercisesInPeriodWeightedAverageExercisePrice,,,,,,,,,,0.000,,,,,
ShareBasedCompensationArrangementsByShareBasedPaymentAwardOptionsGrantsInPeriodWeightedAverageExercisePrice,,,,,,,,,,0.000,,,,,
StockIssuedDuringPeriodSharesStockOptionsExercised,,,,,,,,,,0.000,,,,0.000,
StockIssuedDuringPeriodValueIssuedForServices,,,,,,,,,,68100.000,,,,,
StockIssuedDuringPeriodValueOther,,,,,,,,,,1500000.000,,,,-35492.000,
StockOptionPlanExpense,,,,,,,,,,88184.000,438242.000,222566.000,79986.000,35494.000,21450.000
SubsidiaryOrEquityMethodInvesteeCumulativePercentageOwnershipAfterAllTransactions,,,,,,,,,,0.710,,,,,
WeightedAverageNumberOfDilutedSharesOutstanding,,,,,,,,,,,,,,57505825.000,60670016.000
WeightedAverageNumberOfShareOutstandingBasicAndDiluted,,,,,,39536450.000,39539228.000,41221068.000,-79744108.000,47656478.000,48245471.000,49281151.000,-95791143.000,,
WeightedAverageNumberOfSharesOutstandingBasic,3500000.000,4060435.000,4320000.000,4320000.000,54000000.000,,,,,,,,,57373891.000,60670016.000
WeightedAverageNumerDilutedLimitedPartnershipUnitsOutstandingAdjustment,,,,,,375000.000,,,,375000.000,,,,,
