,2013-06-30,2013-12-31,2014-03-31,2014-06-30,2014-09-30,2014-12-31,2015-03-31,2015-06-30,2015-09-30,2015-12-31,2016-03-31
AllocatedShareBasedCompensationExpense,10089000.000,1583000.000,1936000.000,1830000.000,2638000.000,1971000.000,1971000.000,2649000.000,3162000.000,6326000.000,3072000.000
AntidilutiveSecuritiesExcludedFromComputationOfEarningsPerShareAmount,5458000.000,5753000.000,5695000.000,4821000.000,4737000.000,-10313000.000,4954000.000,4882000.000,4847000.000,-10063000.000,5200000.000
CapitalLeaseObligationsIncurred,,0.000,0.000,,,,,,,,
CashAndCashEquivalentsPeriodIncreaseDecrease,,-50598000.000,-4476000.000,,,,732000.000,,,,3609000.000
ComprehensiveIncomeNetOfTax,,-6637000.000,-7258000.000,-5975000.000,-7595000.000,-4149000.000,-3109000.000,-2899000.000,-2568000.000,-8342000.000,
ComprehensiveIncomeNetOfTaxAttributableToNoncontrollingInterest,-905000.000,,,,,,,,,,
ComprehensiveIncomeNetOfTaxIncludingPortionAttributableToNoncontrollingInterest,-20408000.000,-6725000.000,-7337000.000,-6072000.000,-7595000.000,-4149000.000,-3109000.000,-2899000.000,-2568000.000,-8342000.000,-1536000.000
CostOfServicesDepreciationAndAmortization,1294000.000,,,,,,,,,,
CostOfServicesExcludingDepreciationDepletionAndAmortization,4754000.000,2742000.000,2882000.000,3028000.000,3335000.000,3606000.000,3578000.000,3750000.000,3847000.000,4079000.000,4522000.000
DebtConversionConvertedInstrumentAmount1,,,0.000,,,,,,,,
DebtIssuanceCostsIncurredDuringNoncashOrPartialNoncashTransaction,,0.000,0.000,,,,,,,,
DeferredIncomeTaxExpenseBenefit,,,,,,,80000.000,,,,135000.000
DefinedContributionPlanCostRecognized,,107000.000,126000.000,,,,171000.000,182000.000,182000.000,132000.000,237000.000
DefinedContributionPlanEmployerMatchingContributionPercentOfMatch,,0.030,0.030,,,,0.030,,,,0.030
Depreciation,,569000.000,537000.000,,,,,,,,
DepreciationDepletionAndAmortization,,1560000.000,1886000.000,1962000.000,1990000.000,1903000.000,1876000.000,2089000.000,2302000.000,2361000.000,2566000.000
EarningsPerShareBasicAndDiluted,-2.310,-0.270,-0.300,-0.240,-0.300,-0.150,-0.120,-0.110,-0.090,-0.320,-0.060
EffectOfExchangeRateOnCashAndCashEquivalents,,-35000.000,10000.000,,,,-121000.000,,,,6000.000
EmployeeBenefitsAndShareBasedCompensation,,,,145.000,149.000,,,,,,
EmployeeStockOwnershipPlanESOPCompensationExpense,,,,10.000,8.000,,,,,,
GeneralAndAdministrativeExpense,8808000.000,5378000.000,6055000.000,6473000.000,6232000.000,6489000.000,6832000.000,7649000.000,8332000.000,13848000.000,8152000.000
GoodwillAcquiredDuringPeriod,,28785000.000,,,,,,,,,
IncomeLossFromContinuingOperationsBeforeIncomeTaxesExtraordinaryItemsNoncontrollingInterest,-20221000.000,-7702000.000,-7260000.000,-5988000.000,-7460000.000,-3777000.000,-2983000.000,-2773000.000,-2382000.000,-8151000.000,-1400000.000
IncomeTaxExpenseBenefit,142000.000,-1026000.000,80000.000,80000.000,80000.000,130000.000,84000.000,80000.000,80000.000,63000.000,135000.000
IncreaseDecreaseInAccountsPayable,,-278000.000,-130000.000,,,,-62000.000,,,,-704000.000
IncreaseDecreaseInAccountsReceivable,,1107000.000,1720000.000,,,,-659000.000,,,,-592000.000
IncreaseDecreaseInAccruedLiabilities,,-1479000.000,-463000.000,,,,-559000.000,,,,-1506000.000
IncreaseDecreaseInDeferredRevenue,,1789000.000,2003000.000,,,,2334000.000,,,,2438000.000
IncreaseDecreaseInPrepaidDeferredExpenseAndOtherAssets,,594000.000,-419000.000,,,,40000.000,,,,49000.000
IncreaseDecreaseInRestrictedCash,,-1000000.000,,,,,400000.000,,,,0.000
InterestExpense,2025000.000,120000.000,43000.000,35000.000,28000.000,,11000.000,4000.000,8000.000,,4000.000
InterestExpenseDebt,,62000.000,-1000.000,,,,0.000,,,,
InterestPaid,,56000.000,43000.000,,,,,,,,4000.000
InvestmentIncomeInterest,7000.000,26000.000,18000.000,27000.000,6000.000,19000.000,15000.000,5000.000,10000.000,13000.000,23000.000
NetCashProvidedByUsedInFinancingActivities,,-9166000.000,396000.000,,,,950000.000,,,,161000.000
NetCashProvidedByUsedInFinancingActivitiesContinuingOperations,,-9166000.000,396000.000,,,,950000.000,,,,161000.000
NetCashProvidedByUsedInInvestingActivities,,-35231000.000,-1552000.000,,,,-3289000.000,,,,-1567000.000
NetCashProvidedByUsedInInvestingActivitiesContinuingOperations,,-35231000.000,-1552000.000,,,,-3289000.000,,,,-1567000.000
NetCashProvidedByUsedInOperatingActivities,,-6166000.000,-3330000.000,,,,3192000.000,,,,5009000.000
NetCashProvidedByUsedInOperatingActivitiesContinuingOperations,,-6166000.000,-3330000.000,,,,3192000.000,,,,5009000.000
NetIncomeLoss,-19477000.000,-6597000.000,-7265000.000,-5974000.000,-7540000.000,-3907000.000,-3067000.000,-2853000.000,-2462000.000,-8214000.000,
NetIncomeLossAttributableToNoncontrollingInterest,-886000.000,-79000.000,-75000.000,-94000.000,0.000,0.000,0.000,0.000,0.000,0.000,
NetIncomeLossAvailableToCommonStockholdersBasic,-29118000.000,-6667000.000,-7359000.000,-6079000.000,-7540000.000,-3907000.000,-3067000.000,-2853000.000,-2462000.000,-8214000.000,
NonoperatingIncomeExpense,-1936000.000,-94000.000,-25000.000,-8000.000,-22000.000,-8000.000,4000.000,1000.000,2000.000,5000.000,19000.000
OperatingExpenses,27647000.000,19611000.000,21022000.000,20945000.000,23792000.000,21631000.000,22188000.000,24057000.000,24897000.000,31888000.000,26081000.000
OperatingIncomeLoss,-18285000.000,-7608000.000,-7235000.000,-5980000.000,-7438000.000,-3769000.000,-2987000.000,-2774000.000,-2384000.000,-8156000.000,-1419000.000
OtherComprehensiveIncomeForeignCurrencyTransactionAndTranslationGainLossArisingDuringPeriodNetOfTax,,,,,-55000.000,,-42000.000,-46000.000,-106000.000,-128000.000,-1000.000
OtherComprehensiveIncomeLossForeignCurrencyTransactionAndTranslationAdjustmentNetOfTax,,-49000.000,3000.000,-4000.000,,,,,,,
OtherComprehensiveIncomeLossNetOfTaxPortionAttributableToNoncontrollingInterest,,-88000.000,-79000.000,-97000.000,0.000,0.000,0.000,0.000,0.000,0.000,
PaymentOfFinancingAndStockIssuanceCosts,,1032000.000,0.000,,,,,,,,
PaymentsForRepurchaseOfCommonStock,,,,,,,-56000.000,,,,
PaymentsForTenantImprovements,,,,,,,,1053.000,1696.000,,
PaymentsToAcquireBusinessesNetOfCashAcquired,,34880000.000,0.000,,,,,,,,
PaymentsToAcquirePropertyPlantAndEquipment,,1351000.000,1552000.000,,,,2889000.000,,,,1567000.000
PreferredStockConversionsInducements,,,,,0.000,,,0.000,,,
ProceedsFromIssuanceOfCommonStock,,,,,,,,,,,25000.000
ProceedsFromIssuanceOfLongTermDebt,,106000.000,0.000,,,,,,,,
ProceedsFromIssuanceOrSaleOfEquity,,2173000.000,595000.000,,,,1120000.000,,,,136000.000
ProceedsFromStockOptionsExercised,,525000.000,,,,,,,,,
ProceedsFromWarrantExercises,,1648000.000,,,,,,,,,
ProfitLoss,-20363000.000,-6676000.000,-7340000.000,-6068000.000,-7540000.000,-3907000.000,-3067000.000,-2853000.000,-2462000.000,-8214000.000,-1535000.000
RepaymentsOfLongTermCapitalLeaseObligations,,190000.000,195000.000,,,,226000.000,,,,0.000
RepaymentsOfOtherShortTermDebt,,10223000.000,4000.000,,,,0.000,,,,
ResearchAndDevelopmentExpense,7358000.000,5667000.000,5356000.000,4819000.000,6366000.000,4490000.000,4709000.000,5190000.000,5179000.000,5326000.000,5515000.000
Revenues,9362000.000,12003000.000,13787000.000,14965000.000,16354000.000,17862000.000,19201000.000,21283000.000,22513000.000,23732000.000,24662000.000
SalesRevenueNet,9362000.000,12003000.000,13787000.000,14965000.000,16354000.000,17862000.000,19201000.000,21283000.000,22513000.000,23732000.000,24662000.000
SellingAndMarketingExpense,5433000.000,4264000.000,4843000.000,4663000.000,5869000.000,5143000.000,5193000.000,5379000.000,5237000.000,5204000.000,5326000.000
SeveranceCosts1,,,,,1488.000,,1488.000,,,,
ShareBasedCompensation,,1583000.000,1936000.000,,,,1971000.000,,,,3072000.000
ShareBasedCompensationArrangementByShareBasedPaymentAwardEquityInstrumentsOtherThanOptionsForfeituresWeightedAverageGrantDateFairValue,,,,,,,,,,,13.530
ShareBasedCompensationArrangementByShareBasedPaymentAwardNonOptionEquityInstrumentsGranted,,,,,,,,,,,630000.000
SharesPaidForTaxWithholdingForShareBasedCompensation,,,,147.000,,,,,,,
StockIssuedDuringPeriodValueStockOptionsExercised,,1648000.000,,,,,,,,,
TemporaryEquityAccretionToRedemptionValueAdjustment,75000.000,70000.000,,,,,,,,,
TreasuryStockSharesAcquired,,,,4096.000,4096.000,,,,,,
WeightedAverageNumberOfShareOutstandingBasicAndDiluted,12624000.000,24679000.000,24812000.000,25001000.000,25426000.000,-50055000.000,25640000.000,25774000.000,25925000.000,-51479000.000,26195000.000
