,2014-03-31,2014-09-30,2015-03-31,2015-06-30,2015-09-30,2015-12-31,2016-03-31,2016-06-30,2016-09-30,2016-12-31,2017-03-31
AmortizationOfDebtDiscountPremium,,,30822.000,,,,7873.000,,,,0.000
CashAndCashEquivalentsPeriodIncreaseDecrease,-42174.000,,498773.000,,,,42199.000,,,,-106274.000
CostOfRevenue,,102030.000,194826.000,110770.000,216141.000,436867.000,219582.000,72582.000,243493.000,,
DepreciationAndAmortization,273.000,1663.000,4847.000,4957.000,4257.000,10329.000,6842.000,6842.000,6842.000,5185.000,0.000
EarningsPerShareBasic,,,,,,,,,0.000,,
EarningsPerShareBasicAndDiluted,0.000,0.000,0.000,0.000,-0.010,-0.010,0.000,-0.010,,,0.000
EarningsPerShareDiluted,,,,,,,,,0.000,,
FairValueOfAssetsAcquired,2500.000,,0.000,,,,,,,,
GainLossOnDerivativeInstrumentsNetPretax,,,,,,,-173580.000,-475311.000,534230.000,243715.000,0.000
GainsLossesOnSalesOfAssets,,,,-5317.000,0.000,,,0.000,0.000,,
GeneralAndAdministrativeExpense,27657.000,65067.000,39412.000,118370.000,182926.000,169205.000,80183.000,64292.000,126514.000,-216282.000,1047.000
GrossProfit,,54470.000,121876.000,132014.000,59378.000,18412.000,83839.000,31792.000,78516.000,,
IncomeLossFromContinuingOperationsBeforeIncomeTaxesMinorityInterestAndIncomeLossFromEquityMethodInvestments,-69927.000,,,,,,,,,,-28299.000
IncomeLossFromContinuingOperationsPerBasicAndDilutedShare,,,,,,,,,,,0.000
IncomeLossFromDiscontinuedOperationsNetOfTax,,,,,,,,,,,-27645.000
IncomeLossFromDiscontinuedOperationsNetOfTaxPerBasicAndDilutedShare,,,,,,,,,,,0.000
IncomeTaxExpenseBenefit,0.000,,,,,,,,,,
IncomeTaxesPaid,0.000,,,,,,0.000,,,,0.000
IncreaseDecreaseInAccountsPayableAndAccruedLiabilities,17480.000,,45682.000,,,,-78886.000,,,,2626.000
IncreaseDecreaseInAccountsPayableRelatedParties,,,,,,,-31720.000,,,,0.000
IncreaseDecreaseInAccountsReceivable,,,317115.000,,,,-4653.000,,,,-14189.000
IncreaseDecreaseInAccountsReceivableRelatedParties,,,,,,,8681.000,,,,0.000
IncreaseDecreaseInDeferredRevenue,,,,,,,,,,,-11436.000
IncreaseDecreaseInInventories,,,99311.000,,,,-96327.000,,,,-6041.000
IncreaseDecreaseInOtherOperatingAssets,0.000,,,,,,,,,,
IncreaseDecreaseInPrepaidExpense,,,,,,,7441.000,,,,-1000.000
InterestExpense,,22.000,34824.000,33583.000,34363.000,15248.000,9824.000,57491.000,155568.000,250162.000,0.000
InterestPaid,0.000,,,,,,6901.000,,,,5789.000
InvestmentIncomeInterest,6.000,10.000,15.000,25.000,0.000,4.000,3.000,3.000,0.000,0.000,0.000
NetCashProvidedByUsedInFinancingActivities,10000.000,,961033.000,,,,209584.000,,,,-75000.000
NetCashProvidedByUsedInFinancingActivitiesContinuingOperations,10000.000,,961033.000,,,,209584.000,,,,-75000.000
NetCashProvidedByUsedInInvestingActivities,0.000,,-54431.000,,,,0.000,,,,25000.000
NetCashProvidedByUsedInInvestingActivitiesContinuingOperations,0.000,,-54431.000,,,,0.000,,,,25000.000
NetCashProvidedByUsedInOperatingActivities,-52174.000,,-407829.000,,,,-167385.000,,,,-56274.000
NetCashProvidedByUsedInOperatingActivitiesContinuingOperations,-52174.000,,-407829.000,,,,-167385.000,,,,-56274.000
NetIncomeLoss,-69927.000,-111590.000,-72754.000,-314819.000,-759126.000,-452617.000,-305863.000,-695506.000,248382.000,-529086.000,-55944.000
NonoperatingIncomeExpense,,-12.000,-34809.000,-38875.000,-34363.000,-9927.000,-183401.000,-530117.000,398555.000,-15477.000,932.000
OperatingExpenses,69933.000,166048.000,159821.000,407958.000,784141.000,461102.000,206301.000,197181.000,228689.000,-34516.000,29231.000
OperatingIncomeLoss,-69933.000,-111578.000,-37945.000,-275944.000,-724763.000,-442690.000,-122462.000,-165389.000,-150173.000,-159631.000,-29231.000
OriginationOfNotesReceivableFromRelatedParties,0.000,,,,,,,,,,
OtherIncome,,,,,,,,2682.000,19893.000,,932.000
PaymentsOfFinancingCosts,,,,,,,0.000,,,,0.000
PaymentsToAcquireInterestInSubsidiariesAndAffiliates,,,53000.000,,,,0.000,,,,
PaymentsToAcquirePropertyPlantAndEquipment,0.000,,1431.000,,,,0.000,,,,
ProceedsFromConvertibleDebt,,,,,,,145375.000,,,,0.000
ProceedsFromIssuanceOfCommonStock,10000.000,,1087200.000,,,,0.000,,,,
ProceedsFromLinesOfCredit,,,,,,,71000.000,,,,0.000
ProfessionalFees,19972.000,5732.000,2913.000,27716.000,135099.000,28274.000,31420.000,18376.000,12050.000,2139.000,27983.000
RepaymentsOfConvertibleDebt,,,125000.000,,,,,,,,
RepaymentsOfNotesPayable,,,1167.000,,,,0.000,,,,
RepaymentsOfRelatedPartyDebt,,,,,,,,,,,75000.000
ResearchAndDevelopmentExpense,22304.000,0.000,1601.000,97475.000,107955.000,-32566.000,-21174.000,-39.000,-16322.000,,
Revenues,0.000,156500.000,316702.000,242784.000,,,,,,,
SalariesAndWages,,93586.000,111048.000,159440.000,353904.000,280543.000,109030.000,107710.000,99605.000,-281317.000,201.000
SalesRevenueNet,0.000,156500.000,316702.000,242784.000,,,,,,,
StockRepurchasedAndRetiredDuringPeriodValue,,,,,,,-26745.000,,,,0.000
WeightedAverageNumberOfDilutedSharesOutstanding,,,,,,,,,99783063.000,,
WeightedAverageNumberOfShareOutstandingBasicAndDiluted,51373111.000,77812000.000,78442000.000,86700770.000,86150013.000,-165877571.000,86126100.000,86126100.000,,,63481266.000
WeightedAverageNumberOfSharesOutstandingBasic,,,,,,,,,86869035.000,,
