,2013-09-30,2013-12-31,2014-03-31,2014-06-30,2014-09-30,2014-12-31,2015-03-31,2015-06-30,2015-09-30,2015-12-31,2016-03-31,2016-06-30,2016-09-30,2016-12-31,2017-03-31
AdjustmentsToAdditionalPaidInCapitalSharebasedCompensationRequisiteServicePeriodRecognitionValue,,,,,6439000.000,,,,13700000.000,,,,5800000.000,,
AdministrativeServicesRevenue,,102130000.000,108087000.000,,106523000.000,112675000.000,117959000.000,119863000.000,117949000.000,120733000.000,131270000.000,128442000.000,125976000.000,129071000.000,143915000.000
AllocatedShareBasedCompensationExpense,300000.000,6494000.000,6299000.000,6383000.000,6439000.000,7405000.000,7285000.000,7369000.000,13547000.000,11500000.000,11800000.000,11853000.000,5800000.000,6300000.000,7100000.000
AmortizationOfIntangibleAssets,,755000.000,802000.000,,903000.000,3141000.000,2554000.000,2538000.000,6047000.000,,,,,,
AntidilutiveSecuritiesExcludedFromComputationOfEarningsPerShareAmount,0.000,0.000,0.000,,,,,,,,,,,1900000.000,2800000.000
BusinessCombinationAcquisitionRelatedCosts,,177000.000,984000.000,,1278000.000,2267000.000,2863000.000,2629000.000,3472000.000,5644000.000,2583000.000,4105000.000,2937000.000,4216000.000,4330000.000
BusinessCombinationContingentConsiderationArrangementsChangeInAmountOfContingentConsiderationLiability1,,,,,,,,,,,,,-1800000.000,,
BusinessCombinationStepAcquisitionEquityInterestInAcquireeRemeasurementGain,,,,,,,,,,,,,,204833000.000,0.000
CashAndCashEquivalentsPeriodIncreaseDecrease,,,,,-37264000.000,,,,-36687000.000,,,,-92805000.000,,
ComprehensiveIncomeNetOfTax,,6385000.000,13561000.000,,9255000.000,9203000.000,12589000.000,7640000.000,4185000.000,11222000.000,15621000.000,10553000.000,8537000.000,47558000.000,20174000.000
ComprehensiveIncomeNetOfTaxAttributableToNoncontrollingInterest,,45009000.000,88580000.000,,55552000.000,56340000.000,59658000.000,24335000.000,47416000.000,49916000.000,56219000.000,39919000.000,49686000.000,131117000.000,51965000.000
ComprehensiveIncomeNetOfTaxIncludingPortionAttributableToNoncontrollingInterest,,51394000.000,102141000.000,,64807000.000,65543000.000,72247000.000,31975000.000,51601000.000,61138000.000,71840000.000,50472000.000,58223000.000,178675000.000,72139000.000
CostOfGoodsSold,,43720000.000,52742000.000,,57257000.000,59256000.000,66789000.000,70318000.000,70999000.000,72105000.000,71408000.000,79304000.000,95813000.000,131158000.000,129929000.000
CostOfGoodsSoldDepreciationAndAmortization,,9198000.000,9396000.000,,10308000.000,11262000.000,11538000.000,12078000.000,11865000.000,12199000.000,13110000.000,13928000.000,14018000.000,,
CostOfRevenue,,72737000.000,81124000.000,,90021000.000,94532000.000,102815000.000,109542000.000,109123000.000,112597000.000,112093000.000,123243000.000,138503000.000,176014000.000,177248000.000
CostOfServices,,29017000.000,28382000.000,,32764000.000,35276000.000,36026000.000,39224000.000,38124000.000,40492000.000,40685000.000,43939000.000,42690000.000,44856000.000,47319000.000
DeferredIncomeTaxExpenseBenefit,,,,,4409000.000,,,,13197000.000,,,,17074000.000,,
Depreciation,,,,,,,,,,,,,,14198000.000,15102000.000
DepreciationDepletionAndAmortization,,9953000.000,10198000.000,,11211000.000,14403000.000,14091000.000,14617000.000,17912000.000,21470000.000,21850000.000,22924000.000,23227000.000,25349000.000,29182000.000
EarningsPerShareBasic,,-114.700,16.390,,-11.530,-0.930,-10.050,-1.740,12.490,-1.310,6.710,1.430,1.490,6.730,-1.580
EarningsPerShareBasicAndDiluted,-1982.900,,,,,,,,,,,,,,
EarningsPerShareDiluted,,-114.700,16.300,,-11.530,-0.930,-10.050,-1.740,0.240,-1.310,0.430,1.970,0.260,1.090,-1.580
EffectiveIncomeTaxRateContinuingOperations,,0.217,0.085,,0.082,0.061,0.027,-0.036,0.267,0.172,0.117,-0.381,0.287,0.370,0.080
EffectiveIncomeTaxRateReconciliationAtFederalStatutoryIncomeTaxRate,,0.350,0.350,,,,,,,,,,,,
FairValueAdjustmentOfWarrants,,,,,,,,,,,,,35000.000,,
FairValueMeasurementWithUnobservableInputsReconciliationRecurringBasisAssetGainLossIncludedInEarnings1,,,,,,,,,,,,,,434000.000,-814000.000
FairValueMeasurementWithUnobservableInputsReconciliationRecurringBasisAssetPurchases,,,,,,,,,,,,,,0.000,0.000
FairValueMeasurementWithUnobservableInputsReconciliationRecurringBasisLiabilityGainLossIncludedInEarnings,,,,,,,,,,,,,,1735000.000,-1172000.000
FairValueMeasurementWithUnobservableInputsReconciliationRecurringBasisLiabilityPurchases,,,,,,,,,,,,,,16662000.000,0.000
GainLossOnDispositionOfAssets1,,0.000,52000.000,,-504000.000,-458000.000,743000.000,-15024000.000,,,,,-1518000.000,0.000,-725000.000
GainLossOnInvestments,,,,,,,,,,,0.000,,,,
GainLossOnInvestmentsExcludingOtherThanTemporaryImpairments,,,,,,,-1000000.000,,,,,,,,
GainLossOnSaleOfInvestments,,,37850000.000,,,,-1000000.000,,,,,,,,
GrossProfit,,136172000.000,144474000.000,,139287000.000,154913000.000,158908000.000,157011000.000,161712000.000,179072000.000,186576000.000,178178000.000,174769000.000,182486000.000,202555000.000
IncomeLossFromContinuingOperationsBeforeIncomeTaxesExtraordinaryItemsNoncontrollingInterest,-325066.000,65761000.000,111393000.000,183497066.000,70698000.000,70078000.000,74055000.000,56296000.000,71293000.000,73669000.000,81100000.000,58820000.000,81431000.000,283613000.000,78653000.000
IncomeLossFromEquityMethodInvestments,,4491000.000,3566000.000,,4866000.000,4749000.000,5197000.000,6473000.000,4590000.000,4785000.000,6627000.000,5645000.000,9579000.000,5127000.000,83000.000
IncomeTaxExpenseBenefit,-126776.000,14284000.000,9413000.000,4138776.000,5811000.000,4270000.000,2026000.000,24235000.000,19040000.000,12674000.000,9543000.000,8464000.000,,,
IncomeTaxReconciliationOtherReconcilingItems,,,,,,,,,,8400000.000,,,,,
IncomeTaxReconciliationTaxCreditsResearch,,,,,,,,,,-600000.000,,,,,
IncreaseDecreaseInInventories,,,,,1657000.000,,,,-1169000.000,,,,827000.000,,
IncreaseDecreaseInOperatingLiabilities,,,,,,,,,,,,,-38463000.000,,
IncreaseDecreaseInOtherCurrentAssets,126776.000,,,,,,,,,,,,,,
IncreaseDecreaseInOtherNoncurrentLiabilities,,,,,-1025000.000,,,,-281000.000,,,,322000.000,,
IncreaseDecreaseInOtherOperatingAssets,,,,,-128000.000,,,,12286000.000,,,,1112000.000,,
InvestmentIncomeNet,,21000.000,400000.000,,191000.000,122000.000,204000.000,349000.000,241000.000,-937000.000,-285000.000,-40000.000,-152000.000,-857000.000,-2017000.000
LimitedLiabilityCompanyLLCOrLimitedPartnershipLPMembersOrLimitedPartnersOwnershipInterest,,,0.780,,0.780,0.740,0.740,-1.520,0.740,,,,0.660,,
LimitedPartnersCapitalAccountDistributionAmount,11800000.000,72600000.000,,,,,,,,,,,,,
MarketableSecuritiesUnrealizedGainLoss,,,,,-18000.000,,,,-172000.000,,,,,,
NetCashProvidedByUsedInFinancingActivities,,,,,-22549000.000,,,,127223000.000,,,,-37829000.000,,
NetCashProvidedByUsedInFinancingActivitiesContinuingOperations,,,,,-22549000.000,,,,127223000.000,,,,-37829000.000,,
NetCashProvidedByUsedInInvestingActivities,,,,,-60588000.000,,,,-186629000.000,,,,-96803000.000,,
NetCashProvidedByUsedInInvestingActivitiesContinuingOperations,,,,,-60588000.000,,,,-186629000.000,,,,-96803000.000,,
NetCashProvidedByUsedInOperatingActivities,0.000,,,,45873000.000,,,,22719000.000,,,,41827000.000,,
NetCashProvidedByUsedInOperatingActivitiesContinuingOperations,0.000,,,,45873000.000,,,,22719000.000,,,,41827000.000,,
NetIncomeLoss,,6404000.000,13525000.000,,9273000.000,9271000.000,12209000.000,7990000.000,-47900000.000,,,,70302000.000,332766000.000,-79800000.000
NetIncomeLossAttributableToNoncontrollingInterest,,45073000.000,88455000.000,,55614000.000,56537000.000,59820000.000,24071000.000,47900000.000,49817000.000,56018000.000,39812000.000,49601000.000,,
NetIncomeLossAttributableToNonredeemableNoncontrollingInterest,,157000.000,530000.000,,798000.000,786000.000,252000.000,0.000,0.000,0.000,0.000,0.000,,,
NetIncomeLossAvailableToCommonStockholdersDiluted,,,,,,,,,35595000.000,,62006000.000,,37144000.000,154695000.000,-79800000.000
NoncontrollingInterestInNetIncomeLossLimitedPartnershipsRedeemable,,44916000.000,87925000.000,,54816000.000,55751000.000,59568000.000,24071000.000,47900000.000,49817000.000,56018000.000,39812000.000,49601000.000,131117000.000,51965000.000
NonoperatingIncomeExpense,,4512000.000,41868000.000,,4553000.000,4413000.000,5144000.000,-9025000.000,3022000.000,3576000.000,6342000.000,5994000.000,8915000.000,208972000.000,-399000.000
OperatingExpenses,,74923000.000,74949000.000,,73142000.000,89248000.000,89997000.000,91690000.000,93441000.000,108979000.000,111818000.000,125352000.000,102253000.000,107845000.000,123503000.000
OperatingIncomeLoss,,61249000.000,69525000.000,,66145000.000,65665000.000,68911000.000,65321000.000,68271000.000,70093000.000,74758000.000,52826000.000,72516000.000,74641000.000,79052000.000
OtherComprehensiveIncomeLossAvailableForSaleSecuritiesAdjustmentNetOfTax,,-83000.000,161000.000,,-80000.000,-265000.000,218000.000,-86000.000,-652000.000,143000.000,283000.000,116000.000,0.000,0.000,0.000
OtherComprehensiveIncomeLossNetOfTax,,,,,,,,,,,,,43000.000,,
OtherComprehensiveIncomeLossReclassificationAdjustmentFromAOCIForSaleOfSecuritiesNetOfTax,,,,,,,,,,,,,-128000.000,,
OtherNonoperatingIncome,,,,,,,,,,,,,,,497000.000
OtherOperatingActivitiesCashFlowStatement,,,,,596000.000,,,,-535000.000,,,,-387000.000,,
OtherOperatingIncomeExpenseNet,,,,,,,,,-1809000.000,-272000.000,0.000,389000.000,1006000.000,-131000.000,2260000.000
PartnersCapitalAccountRedemptions,,,,,0.000,,,,0.000,,,,-61808000.000,,
PaymentsForProceedsFromOtherInvestingActivities,,,,,-481000.000,,,,-434000.000,,,,-5000.000,,
PaymentsForRepurchaseOfOtherEquity,,,,,19000.000,,,,38000.000,,,,17435000.000,,
PaymentsOfCapitalDistribution,,,,,22408000.000,,,,22432000.000,,,,22493000.000,,
PaymentsToAcquireAvailableForSaleSecurities,,,,,34412000.000,,,,19211000.000,,,,0.000,,
PaymentsToAcquireBusinessThreeNetOfCashAcquired,,,,,,,,,,,,,68745000.000,,
PaymentsToAcquireBusinessTwoNetOfCashAcquired,,,,,,,,,,,,,0.000,,
PaymentsToAcquireBusinessesNetOfCashAcquired,,,,,,,,,,,,,0.000,,
PaymentsToAcquireInterestInSubsidiariesAndAffiliates,,,,,,,,,1000000.000,,,,65660000.000,,
PaymentsToAcquirePropertyPlantAndEquipment,,13720000.000,13823000.000,,14360000.000,18051000.000,18653000.000,19670000.000,17141000.000,21741000.000,15802000.000,22306000.000,16966000.000,17359000.000,17567000.000
ProceedsFromEquityMethodInvestmentDividendsOrDistributionsReturnOfCapital,,,,,5050000.000,,,,5450000.000,,,,6550000.000,,
ProceedsFromIssuanceOfCommonStock,,,,,0.000,,,,,,,,,,
ProceedsFromLinesOfCredit,,,,,200000.000,,,,0.000,,,,,,
ProceedsFromPaymentsForOtherFinancingActivities,,,,,,,,,-174000.000,,,,0.000,,
ProceedsFromSaleOfAvailableForSaleSecurities,,,,,138660000.000,,,,307734000.000,,,,48013000.000,,
ProceedsFromSecuredLinesOfCredit,,,,,0.000,,,,150000000.000,,,,0.000,,
ProceedsFromStockOptionsExercised,,,,,,,,,197000.000,,,,2317000.000,,
ProfitLoss,-198290.000,51477000.000,101980000.000,179358290.000,64887000.000,65808000.000,72029000.000,32061000.000,52253000.000,60995000.000,71557000.000,50356000.000,58095000.000,178675000.000,72139000.000
RepaymentsOfLongTermDebt,,,,,322000.000,,,,330000.000,,,,218000.000,,
ResearchAndDevelopmentExpense,,1042000.000,820000.000,,1073000.000,716000.000,596000.000,552000.000,456000.000,424000.000,1180000.000,865000.000,806000.000,767000.000,755000.000
RestructuringCharges,,1041000.000,733000.000,,96000.000,1183000.000,2000.000,92000.000,27000.000,208000.000,33000.000,0.000,,0.000,0.000
Revenues,,208909000.000,225598000.000,,229308000.000,249445000.000,261723000.000,266553000.000,270835000.000,291669000.000,298669000.000,301421000.000,313272000.000,358500000.000,379803000.000
SalesRevenueGoodsNet,,48582000.000,58692000.000,,63564000.000,66696000.000,73438000.000,75563000.000,77781000.000,81316000.000,80010000.000,87539000.000,106129000.000,142378000.000,138132000.000
SalesRevenueNet,,208909000.000,225598000.000,,229308000.000,249445000.000,261723000.000,266553000.000,270835000.000,291669000.000,298669000.000,301421000.000,313272000.000,358500000.000,379803000.000
SalesRevenueServicesGross,,58197000.000,58819000.000,,59221000.000,70074000.000,70326000.000,71127000.000,75105000.000,89620000.000,87389000.000,85440000.000,81167000.000,87051000.000,97756000.000
SalesRevenueServicesNet,,160327000.000,166906000.000,,165744000.000,182749000.000,188285000.000,190990000.000,193054000.000,210353000.000,218659000.000,213882000.000,207143000.000,216122000.000,241671000.000
SellingGeneralAndAdministrativeExpense,325066.000,73126000.000,73327000.000,147642934.000,71166000.000,85391000.000,86847000.000,88600000.000,86938000.000,99284000.000,101898000.000,115491000.000,92238000.000,95927000.000,108668000.000
ShareBasedCompensation,325066.000,,,,6439000.000,,,,13547000.000,,,,,,
StockIssuedDuringPeriodValueConversionOfUnits,,,,,,,,,-3268000.000,,,,43072000.000,,
StockIssuedDuringPeriodValueRestrictedStockAwardNetOfForfeitures,,,,,,,,,,,,,2318000.000,,
StockIssuedDuringPeriodValueShareBasedCompensation,,,,,,,,,0.000,,,,,,
WeightedAverageNumberDilutedSharesOutstandingAdjustment,0.000,0.000,181000.000,,,,,,,,,,,,
WeightedAverageNumberOfDilutedSharesOutstanding,100.000,32375000.000,32556000.000,-39298100.000,32376000.000,35589000.000,37316000.000,-69600000.000,145560000.000,41575000.000,145018000.000,-186845000.000,142962000.000,141308000.000,50525000.000
WeightedAverageNumberOfShareOutstandingBasicAndDiluted,100.000,,,,,,,,,,,,,,
WeightedAverageNumberOfSharesOutstandingBasic,100.000,32375000.000,32375000.000,-39117100.000,32376000.000,35589000.000,37316000.000,-69600000.000,37735000.000,41575000.000,44716000.000,-81658000.000,47214000.000,49445000.000,50525000.000
