,2014-03-31,2014-06-30,2014-09-30,2014-12-31,2015-03-31,2015-06-30,2015-09-30,2015-12-31,2016-03-31,2016-06-30,2016-09-30,2016-12-31,2017-03-31,2017-06-30
AdjustmentsToAdditionalPaidInCapitalTaxEffectFromShareBasedCompensation,,,,,8000000.000,,,,,,,,,
AllocatedShareBasedCompensationExpense,13000000.000,6000000.000,6000000.000,7000000.000,30000000.000,92000000.000,21000000.000,19000000.000,18000000.000,-26000000.000,-26000000.000,125000000.000,25000000.000,34000000.000
AmortizationOfIntangibleAssets,,,,,,,,,,,,,74000000.000,71000000.000
AntidilutiveSecuritiesExcludedFromComputationOfEarningsPerShareAmount,1000000.000,,1000000.000,,1000000.000,2000000.000,1000000.000,-3000000.000,4000000.000,3000000.000,2000000.000,-8000000.000,,
AssetImpairmentCharges,,,,,,,,,15000000.000,0.000,0.000,0.000,0.000,0.000
CashAndCashEquivalentsPeriodIncreaseDecrease,-159000000.000,,,,-19000000.000,,,,83000000.000,,,,,
CommonStockDividendsPerShareDeclared,,,,,,,0.070,,0.070,0.070,0.070,0.630,0.150,0.150
ComprehensiveIncomeNetOfTax,151000000.000,259000000.000,-29000000.000,-66000000.000,-90000000.000,356000000.000,159000000.000,823000000.000,319000000.000,187000000.000,187000000.000,-562000000.000,94000000.000,217000000.000
ComprehensiveIncomeNetOfTaxAttributableToNoncontrollingInterest,-1000000.000,3000000.000,8000000.000,4000000.000,0.000,6000000.000,4000000.000,2000000.000,-1000000.000,5000000.000,6000000.000,5000000.000,0.000,2000000.000
ComprehensiveIncomeNetOfTaxIncludingPortionAttributableToNoncontrollingInterest,150000000.000,262000000.000,-21000000.000,-62000000.000,-90000000.000,362000000.000,163000000.000,825000000.000,318000000.000,192000000.000,193000000.000,-557000000.000,94000000.000,219000000.000
CostOfReimbursableExpense,827000000.000,920000000.000,906000000.000,1038000000.000,950000000.000,1061000000.000,1063000000.000,1056000000.000,1071000000.000,1166000000.000,1105000000.000,1104000000.000,1395000000.000,1436000000.000
CostsAndExpenses,2025000000.000,2232000000.000,2199000000.000,2373000000.000,2254000000.000,2492000000.000,2396000000.000,2365000000.000,2341000000.000,2500000000.000,2449000000.000,2521000000.000,1884000000.000,1981000000.000
CurrentForeignTaxExpenseBenefit,,,,,6000000.000,,,,,,,,,
DeferredIncomeTaxExpenseBenefit,-52000000.000,,,,40000000.000,,,,-32000000.000,,,,-51000000.000,
DefinedBenefitPlanNetPeriodicBenefitCost,,,,,,,,,1000000.000,2000000.000,1000000.000,,,
DepreciationAndAmortization,153000000.000,158000000.000,159000000.000,158000000.000,175000000.000,173000000.000,171000000.000,173000000.000,169000000.000,171000000.000,169000000.000,177000000.000,89000000.000,87000000.000
DepreciationNonproduction,77000000.000,79000000.000,79000000.000,78000000.000,83000000.000,89000000.000,88000000.000,91000000.000,87000000.000,90000000.000,86000000.000,95000000.000,,
DerivativeInstrumentsGainLossRecognizedInIncomeIneffectivePortionAndAmountExcludedFromEffectivenessTestingNet,0.000,0.000,,,,,,,,,,,,
DerivativeInstrumentsGainLossRecognizedInOtherComprehensiveIncomeEffectivePortionNet,-5000000.000,-9000000.000,,,,,,,,,,,,
DirectCostsOfHotels,771000000.000,833000000.000,816000000.000,832000000.000,768000000.000,817000000.000,798000000.000,785000000.000,756000000.000,808000000.000,771000000.000,765000000.000,272000000.000,330000000.000
DiscontinuedOperationIncomeLossFromDiscontinuedOperationNetOfTaxPerBasicShare,,,,,,,,,,,,,0.000,0.000
DiscontinuedOperationIncomeLossFromDiscontinuedOperationNetOfTaxPerDilutedShare,,,,,,,,,,,,,0.000,0.000
Dividends,,,,,,,,,69000000.000,,,,50000000.000,
EarningsPerShareBasic,0.120,0.210,0.190,0.160,0.150,0.160,0.280,0.830,0.310,0.240,0.190,0.320,0.220,0.510
EarningsPerShareBasicAndDiluted,0.120,0.210,0.190,0.160,0.150,,,,,,,,,
EarningsPerShareDiluted,0.120,0.210,0.190,0.160,0.150,0.160,0.280,0.830,0.310,0.240,0.190,0.310,0.220,0.510
EffectOfExchangeRateOnCashAndCashEquivalents,-1000000.000,,,,-9000000.000,,,,4000000.000,,,,,
EquityMethodInvestmentDividendsOrDistributions,2000000.000,,,,12000000.000,,,,5000000.000,,,,,
EquityMethodInvestmentRealizedGainLossOnDisposal,3000000.000,,,,,,,,,,,,,
ExcessTaxBenefitFromShareBasedCompensationFinancingActivities,,,,,8000000.000,,,,0.000,,,,,
ForeignCurrencyTransactionGainLossBeforeTax,14000000.000,32000000.000,-5000000.000,-15000000.000,-18000000.000,5000000.000,-8000000.000,-20000000.000,-12000000.000,-13000000.000,-8000000.000,20000000.000,-4000000.000,5000000.000
ForeignCurrencyTransactionGainLossRealized,14000000.000,,,,-18000000.000,,,,,,,,,
FranchiseRevenue,,,,,,,,,,,,,294000000.000,372000000.000
GainLossOnDispositionOfAssets1,,,,,145000000.000,-3000000.000,164000000.000,0.000,0.000,2000000.000,0.000,7000000.000,,0.000
GainLossOnInterestRateDerivativeInstrumentsNotDesignatedAsHedgingInstruments,0.000,0.000,,,,,,,,,,,,
GainsLossesOnExtinguishmentOfDebt,,,,,,,,,,,,,-60000000.000,0.000
GeneralAndAdministrativeExpense,97000000.000,133000000.000,119000000.000,142000000.000,127000000.000,221000000.000,145000000.000,118000000.000,113000000.000,132000000.000,147000000.000,224000000.000,105000000.000,117000000.000
GoodwillForeignCurrencyTranslationGainLoss,,,,,,,,,,,,,8000000.000,
GoodwillWrittenOffRelatedToSaleOfBusinessUnit,,,,,,,,,,,,,91000000.000,
IncomeLossFromContinuingOperations,,,,,,,,,,,,,74000000.000,166000000.000
IncomeLossFromContinuingOperationsBeforeIncomeTaxesExtraordinaryItemsNoncontrollingInterest,207000000.000,333000000.000,314000000.000,293000000.000,313000000.000,312000000.000,530000000.000,341000000.000,264000000.000,400000000.000,337000000.000,254000000.000,110000000.000,275000000.000
IncomeLossFromContinuingOperationsIncludingPortionAttributableToNoncontrollingInterest,,,,,,,,,,,,,75000000.000,167000000.000
IncomeLossFromContinuingOperationsPerBasicShare,,,,,,,,,,,,,0.220,0.510
IncomeLossFromContinuingOperationsPerDilutedShare,,,,,,,,,,,,,0.220,0.510
IncomeLossFromDiscontinuedOperationsNetOfTax,,,,,,,,,,,,,0.000,0.000
IncomeLossFromEquityMethodInvestments,4000000.000,8000000.000,4000000.000,3000000.000,4000000.000,9000000.000,9000000.000,1000000.000,3000000.000,8000000.000,7000000.000,-10000000.000,,
IncomeLossFromSubsidiariesNetOfTax,,,,,0.000,0.000,0.000,0.000,0.000,0.000,0.000,0.000,0.000,0.000
IncomeTaxExpenseBenefit,83000000.000,121000000.000,127000000.000,134000000.000,163000000.000,145000000.000,247000000.000,-475000000.000,-46000000.000,156000000.000,145000000.000,636000000.000,35000000.000,108000000.000
IncomeTaxesPaidNet,22000000.000,,,,20000000.000,,,,39000000.000,,,,6000000.000,
IncreaseDecreaseInRestrictedCash,,,,,,,,,-14000000.000,,,,,
IncreaseDecreaseInRestrictedCashForOperatingActivities,11000000.000,,,,2000000.000,,,,14000000.000,,,,,
InterestExpense,153000000.000,158000000.000,156000000.000,151000000.000,144000000.000,149000000.000,138000000.000,144000000.000,139000000.000,147000000.000,148000000.000,153000000.000,104000000.000,100000000.000
InterestPaid,97000000.000,,,,88000000.000,,,,86000000.000,,,,113000000.000,
InvestmentIncomeInterest,1000000.000,5000000.000,2000000.000,2000000.000,6000000.000,2000000.000,3000000.000,8000000.000,3000000.000,4000000.000,3000000.000,2000000.000,,
ManagementFeesBaseRevenue,,,,,,,,,,,,,83000000.000,85000000.000
ManagementFeesIncentiveRevenue,,,,,,,,,,,,,52000000.000,56000000.000
MinorityInterestDecreaseFromDistributionsToNoncontrollingInterestHolders,1000000.000,,,,2000000.000,,,,2000000.000,,,,1000000.000,
NetCashProvidedByUsedInFinancingActivities,-232000000.000,,,,-761000000.000,,,,-137000000.000,,,,-716000000.000,
NetCashProvidedByUsedInFinancingActivitiesContinuingOperations,-232000000.000,,,,-761000000.000,,,,-137000000.000,,,,-716000000.000,
NetCashProvidedByUsedInInvestingActivities,-73000000.000,,,,465000000.000,,,,-96000000.000,,,,-50000000.000,
NetCashProvidedByUsedInInvestingActivitiesContinuingOperations,-73000000.000,,,,465000000.000,,,,-96000000.000,,,,-50000000.000,
NetCashProvidedByUsedInOperatingActivities,147000000.000,,,,286000000.000,,,,312000000.000,,,,63000000.000,
NetCashProvidedByUsedInOperatingActivitiesContinuingOperations,147000000.000,,,,286000000.000,,,,312000000.000,,,,63000000.000,
NetIncomeLoss,123000000.000,209000000.000,183000000.000,158000000.000,150000000.000,161000000.000,279000000.000,814000000.000,309000000.000,239000000.000,187000000.000,-387000000.000,74000000.000,166000000.000
NetIncomeLossAttributableToNoncontrollingInterest,1000000.000,3000000.000,4000000.000,1000000.000,0.000,6000000.000,4000000.000,2000000.000,1000000.000,5000000.000,5000000.000,5000000.000,1000000.000,1000000.000
NewAccountingPronouncementOrChangeInAccountingPrincipleEffectOfAdoptionQuantification,,,,,,,,,,,,,0.000,
NoncashOrPartNoncashAcquisitionDebtAssumed1,,,,,450000000.000,,,,0.000,,,,,
NumberOfOperatingSegments,3.000,,,,,,,,3.000,,,,2.000,
OperatingIncomeLoss,338000000.000,435000000.000,445000000.000,455000000.000,490000000.000,427000000.000,663000000.000,491000000.000,409000000.000,553000000.000,493000000.000,406000000.000,277000000.000,365000000.000
OtherComprehensiveIncomeLossAmortizationAdjustmentFromAOCIPensionAndOtherPostretirementBenefitPlansForNetPriorServiceCostCreditBeforeTax,-1000000.000,,,,,,,,,,,,,
OtherComprehensiveIncomeLossBeforeReclassificationsNetOfTax,27000000.000,,,,-242000000.000,,,,9000000.000,,,,16000000.000,
OtherComprehensiveIncomeLossDerivativesQualifyingAsHedgesNetOfTax,-3000000.000,-6000000.000,5000000.000,-5000000.000,-7000000.000,2000000.000,-6000000.000,4000000.000,-6000000.000,0.000,3000000.000,1000000.000,-2000000.000,-5000000.000
OtherComprehensiveIncomeLossDerivativesQualifyingAsHedgesTax,-2000000.000,-3000000.000,3000000.000,-3000000.000,-4000000.000,1000000.000,-4000000.000,3000000.000,-4000000.000,0.000,1000000.000,1000000.000,-2000000.000,-2000000.000
OtherComprehensiveIncomeLossForeignCurrencyTransactionAndTranslationAdjustmentNetOfTax,28000000.000,53000000.000,-212000000.000,-168000000.000,-234000000.000,192000000.000,-115000000.000,23000000.000,13000000.000,-53000000.000,-2000000.000,-117000000.000,20000000.000,54000000.000
OtherComprehensiveIncomeLossForeignCurrencyTranslationAdjustmentTax,-36000000.000,-66000000.000,95000000.000,80000000.000,91000000.000,-121000000.000,79000000.000,-41000000.000,3000000.000,12000000.000,-1000000.000,-33000000.000,-1000000.000,0.000
OtherComprehensiveIncomeLossNetOfTax,26000000.000,50000000.000,-208000000.000,-221000000.000,-240000000.000,195000000.000,-120000000.000,9000000.000,8000000.000,-52000000.000,1000000.000,-175000000.000,19000000.000,52000000.000
OtherComprehensiveIncomeLossNetOfTaxPortionAttributableToParent,28000000.000,,,,-240000000.000,,,,10000000.000,,,,20000000.000,
OtherComprehensiveIncomeLossPensionAndOtherPostretirementBenefitPlansAdjustmentNetOfTax,-1000000.000,-3000000.000,1000000.000,48000000.000,-1000000.000,-1000000.000,-1000000.000,18000000.000,-1000000.000,-1000000.000,0.000,59000000.000,-1000000.000,-3000000.000
OtherComprehensiveIncomeLossPensionAndOtherPostretirementBenefitPlansTax,0.000,-1000000.000,-2000000.000,30000000.000,-1000000.000,0.000,-1000000.000,12000000.000,-1000000.000,0.000,-1000000.000,4000000.000,-1000000.000,0.000
OtherComprehensiveIncomeLossReclassificationAdjustmentFromAOCIPensionAndOtherPostretirementBenefitPlansForNetGainLossBeforeTax,0.000,,,,,,,,,,,,,
OtherComprehensiveIncomeLossReclassificationAdjustmentFromAOCIPensionAndOtherPostretirementBenefitPlansNetOfTax,-1000000.000,,,,,,,,,,,,,
OtherComprehensiveIncomeLossReclassificationAdjustmentFromAOCIPensionAndOtherPostretirementBenefitPlansTax,0.000,,,,,,,,,,,,,
OtherExpenses,,,,,,,,,,,,,23000000.000,11000000.000
OtherHotelOperatingRevenue,,,,,,,,,,,,,37000000.000,20000000.000
OtherNonoperatingIncome,,,,,,,,,,,,,1000000.000,
OtherNonoperatingIncomeExpense,3000000.000,11000000.000,24000000.000,-1000000.000,-25000000.000,18000000.000,1000000.000,5000000.000,0.000,-5000000.000,-10000000.000,-11000000.000,,5000000.000
OtherOperatingActivitiesCashFlowStatement,-67000000.000,,,,-2000000.000,,,,-161000000.000,,,,-129000000.000,
OtherTaxExpenseBenefit,,,,,0.000,,,,,,,,,
PaymentsForProceedsFromOtherInvestingActivities,,,,,,,,,,,,,19000000.000,
PaymentsForRepurchaseOfCommonStock,,,,,,,,,,,,,70000000.000,
PaymentsOfDebtIssuanceCosts,2000000.000,,,,0.000,,,,,,,,,
PaymentsOfDividends,,,,,,,,,69000000.000,,,,49000000.000,
PaymentsRelatedToTaxWithholdingForShareBasedCompensation,,,,,,,,,,,,,28000000.000,
PaymentsToAcquireBusinessesNetOfCashAcquired,,,,,1298000000.000,,,,0.000,,,,,
PaymentsToAcquireIntangibleAssets,16000000.000,,,,11000000.000,,,,9000000.000,,,,13000000.000,
PaymentsToAcquireInterestInSubsidiariesAndAffiliates,2000000.000,,,,0.000,,,,,,,,,
PaymentsToAcquireNotesReceivable,1000000.000,,,,2000000.000,,,,9000000.000,,,,,
PaymentsToAcquirePropertyPlantAndEquipment,43000000.000,,,,88000000.000,,,,84000000.000,,,,9000000.000,
PaymentsToAcquireSoftware,15000000.000,,,,8000000.000,,,,11000000.000,,,,9000000.000,
PaymentsToMinorityShareholders,1000000.000,,,,2000000.000,,,,2000000.000,,,,1000000.000,
PriorPeriodReclassificationAdjustment,,,,,,,,,,,,,7000000.000,
ProceedsFromCollectionOfNotesReceivable,1000000.000,,,,1000000.000,,,,1000000.000,,,,,
ProceedsFromEquityMethodInvestmentDividendsOrDistributionsReturnOfCapital,3000000.000,,,,2000000.000,,,,2000000.000,,,,,
ProceedsFromIssuanceOfLongTermDebtAndCapitalSecuritiesNet,0.000,,,,,,,,,,,,1823000000.000,
ProceedsFromPaymentsForOtherFinancingActivities,,,,,0.000,,,,0.000,,,,0.000,
ProceedsFromRepaymentsOfRestrictedCashFinancingActivities,-10000000.000,,,,-57000000.000,,,,-34000000.000,,,,,
ProceedsFromSaleOfPropertyPlantAndEquipment,,,,,1869000000.000,,,,0.000,,,,,
ProfitLoss,124000000.000,212000000.000,187000000.000,159000000.000,150000000.000,167000000.000,283000000.000,816000000.000,310000000.000,244000000.000,192000000.000,-382000000.000,75000000.000,167000000.000
ProvisionForLoanLossesExpensed,6000000.000,,,,7000000.000,,,,10000000.000,,,,,
ReclassificationFromAccumulatedOtherComprehensiveIncomeCurrentPeriodNetOfTax,-1000000.000,,,,-2000000.000,,,,-1000000.000,,,,-4000000.000,
ReimbursementRevenue,827000000.000,920000000.000,906000000.000,1038000000.000,950000000.000,1061000000.000,1063000000.000,1056000000.000,1071000000.000,1166000000.000,1105000000.000,1104000000.000,1395000000.000,1436000000.000
RepaymentsOfDebtAndCapitalLeaseObligations,219000000.000,,,,710000000.000,,,,32000000.000,,,,1824000000.000,
RevenueFromOwnedHotels,945000000.000,1117000000.000,1079000000.000,1098000000.000,957000000.000,1135000000.000,1082000000.000,1059000000.000,967000000.000,1105000000.000,1033000000.000,1021000000.000,300000000.000,377000000.000
Revenues,2363000000.000,2667000000.000,2644000000.000,2828000000.000,2599000000.000,2922000000.000,2895000000.000,2856000000.000,2750000000.000,3051000000.000,2942000000.000,2920000000.000,2161000000.000,2346000000.000
SalesRevenueNet,2363000000.000,2667000000.000,2644000000.000,2828000000.000,2599000000.000,2922000000.000,2895000000.000,2856000000.000,2750000000.000,3051000000.000,2942000000.000,2920000000.000,2161000000.000,2346000000.000
ShareBasedCompensation,19000000.000,,,,19000000.000,,,,11000000.000,,,,15000000.000,
ShareBasedCompensationArrangementByShareBasedPaymentAwardPlanModificationIncrementalCompensationCost,,,,,,,,,,,,,0.000,
StockGrantedDuringPeriodValueSharebasedCompensation,22000000.000,,,,,,,,2000000.000,,,,,
StockholdersEquityNoteSpinoffTransaction,,,,,,,,,,,,,-4219000000.000,
TimeShareCosts,177000000.000,188000000.000,199000000.000,203000000.000,234000000.000,220000000.000,219000000.000,224000000.000,217000000.000,223000000.000,257000000.000,251000000.000,,
TimeShareRevenue,279000000.000,276000000.000,295000000.000,321000000.000,321000000.000,319000000.000,334000000.000,334000000.000,326000000.000,336000000.000,358000000.000,370000000.000,,
TimeSharingTransactionsDirectWriteOffsChargedAgainstAllowance,8000000.000,,,,-6000000.000,,,,9000000.000,,,,,
TreasuryStockAcquiredAverageCostPerShare,,,,,,,,,,,,,57.670,
TreasuryStockValueAcquiredCostMethod,,,,,,,,,,,,,70000000.000,
WeightedAverageNumberOfDilutedSharesOutstanding,985000000.000,985000000.000,987000000.000,-1971000000.000,988000000.000,989000000.000,989000000.000,-1977000000.000,989000000.000,991000000.000,992000000.000,-2642000000.000,331000000.000,329000000.000
WeightedAverageNumberOfSharesOutstandingBasic,985000000.000,985000000.000,985000000.000,-1970000000.000,986000000.000,987000000.000,987000000.000,-1974000000.000,987000000.000,988000000.000,988000000.000,-2634000000.000,330000000.000,327000000.000
