,2015-03-31,2015-06-30,2015-09-30,2015-12-31,2016-03-31,2016-06-30,2016-09-30,2016-12-31,2017-03-31
AccretionExpense,796406.000,,,,,,,,
AdjustmentsToAdditionalPaidInCapitalConvertibleDebtWithConversionFeature,202521.000,,,,,,,,
AdjustmentsToAdditionalPaidInCapitalSharebasedCompensationRequisiteServicePeriodRecognitionValue,52617.000,,,,103542.000,,,,228036.000
AllocatedShareBasedCompensationExpense,,,,,103542.000,125522.000,249378.000,239485.000,228036.000
AmortizationOfFinancingCosts,49555.000,,,,,,,,
AntidilutiveSecuritiesExcludedFromComputationOfEarningsPerShareAmount,,,,,1664427.000,,,,8889231.000
AssetImpairmentCharges,,,,,,,,,0.000
CapitalExpendituresIncurredButNotYetPaid,,,,,12250.000,,,,
CostOfRevenue,34298.000,16957.000,36634.000,35568.000,18368.000,8641.000,9858.000,15099.000,16145.000
DecreaseInRestrictedCash,,,,,178740.000,,,,
DefinedContributionPlanCostRecognized,,,,,0.000,,,,0.000
DepreciationDepletionAndAmortization,,,,,7878.000,9554.000,15031.000,15031.000,15031.000
EarningsPerShareBasicAndDiluted,-1.430,-1.000,-0.360,0.090,-0.430,-0.350,-0.300,-0.270,-0.330
FairValueAdjustmentOfWarrants,328516.000,,,,,,,,453419.000
FairValueAssumptionsExpectedDividendRate,,,,,,,,,0.000
FairValueAssumptionsExpectedVolatilityRate,,,,,,,,,0.783
FairValueAssumptionsRiskFreeInterestRate,,,,,,,,,0.019
GainsLossesOnExtinguishmentOfDebt,,,,,,,,,-207713.000
GeneralAndAdministrativeExpense,1093687.000,1300156.000,1390429.000,1555079.000,1788385.000,1416159.000,1115312.000,1663382.000,3303503.000
IncreaseDecreaseInAccountsPayable,1063665.000,,,,101629.000,,,,931340.000
IncreaseDecreaseInAccountsReceivable,8140.000,,,,-43071.000,,,,-4963.000
IncreaseDecreaseInAccruedLiabilities,190342.000,,,,-193919.000,,,,683825.000
IncreaseDecreaseInDeferredRevenue,365138.000,,,,27129.000,,,,-16196.000
IncreaseDecreaseInDueToRelatedPartiesCurrent,4663.000,,,,653.000,,,,78226.000
IncreaseDecreaseInInventories,116185.000,,,,39760.000,,,,-20114.000
IncreaseDecreaseInOtherCurrentAssets,11185.000,,,,,,,,
IncreaseDecreaseInOtherReceivables,,,,,,,,,-288166.000
IncreaseDecreaseInPrepaidExpense,98145.000,,,,301660.000,,,,85218.000
IncreaseDecreaseInRestrictedCash,,,,,,,,,-490101.000
IncreaseInCarryingAmountOfRedeemablePreferredStock,177297.000,,,,,,,,
InterestExpense,933032.000,1936611.000,163594.000,284050.000,284236.000,254758.000,235191.000,211364.000,180072.000
InterestPaid,,,,,150150.000,,,,
InventoryWriteDown,,,,,0.000,,,,0.000
NetCashProvidedByUsedInContinuingOperations,-98849.000,,,,-483479.000,,,,254082.000
NetCashProvidedByUsedInFinancingActivities,1240000.000,,,,3951362.000,,,,52701.000
NetCashProvidedByUsedInFinancingActivitiesContinuingOperations,1240000.000,,,,3951362.000,,,,52701.000
NetCashProvidedByUsedInInvestingActivities,,,,,93017.000,,,,490101.000
NetCashProvidedByUsedInInvestingActivitiesContinuingOperations,,,,,93017.000,,,,490101.000
NetCashProvidedByUsedInOperatingActivities,-1338849.000,,,,-4527858.000,,,,-288720.000
NetCashProvidedByUsedInOperatingActivitiesContinuingOperations,-1338849.000,,,,-4527858.000,,,,-288720.000
NetIncomeLoss,-3937383.000,-5262675.000,-2960671.000,-4130821.000,-3984204.000,-3657475.000,-3415490.000,-3676611.000,-4715358.000
NetIncomeLossAvailableToCommonStockholdersBasic,-4124469.000,-5421963.000,-2960671.000,-4130821.000,-3984204.000,-3657475.000,-3415490.000,-3676611.000,-4715358.000
OperatingExpenses,2741331.000,3231628.000,2832639.000,3898152.000,3722907.000,3432497.000,3229180.000,3342924.000,4698012.000
OperatingIncomeLoss,-2678944.000,-3168486.000,-2754973.000,-3842966.000,-3684761.000,-3408354.000,-3178823.000,-3314047.000,-3875602.000
OtherIncome,3109.000,15523.000,,,,,,,
OtherNonoperatingIncomeExpense,,,-42104.000,,-15207.000,5637.000,-1476.000,0.000,1448.000
PaymentsForProceedsFromDepositOnLoan,,,,,,,,,2978808.000
PaymentsOfStockIssuanceCosts,10000.000,,,,,,,,
PaymentsToAcquirePropertyPlantAndEquipment,,,,,85723.000,,,,
ProceedsFromConvertibleDebt,250000.000,,,,,,,,
ProceedsFromIssuanceOfCommonStock,,,,,4130102.000,,1381890.000,,
ProceedsFromLoanOriginations1,1000000.000,,,,,,,,
ProfitLoss,-3937383.000,,,,-3984204.000,,,,-4715358.000
RecognitionOfDeferredRevenue,62387.000,,,,,,,,
RepaymentsOfLongTermDebt,,,,,178740.000,,,,490101.000
ResearchAndDevelopmentExpense,1423043.000,1751288.000,1239831.000,2061689.000,1751741.000,1953647.000,1967128.000,1534348.000,1255452.000
Revenues,,,,,38146.000,24143.000,,,822410.000
SalesRevenueGoodsNet,62387.000,63142.000,77666.000,55186.000,38146.000,24143.000,50357.000,28877.000,74544.000
SalesRevenueNet,,,,,38146.000,24143.000,,,822410.000
SellingAndMarketingExpense,190303.000,163227.000,165745.000,245816.000,164413.000,54050.000,136882.000,130095.000,122912.000
ShareBasedCompensation,52617.000,,,,103542.000,,,,228036.000
ShareBasedCompensationArrangementByShareBasedPaymentAwardFairValueAssumptionsRiskFreeInterestRate,,,,,0.017,,,,
ShareBasedCompensationArrangementByShareBasedPaymentAwardFairValueAssumptionsWeightedAverageVolatilityRate,,,,,0.785,,,,
ShareBasedCompensationArrangementByShareBasedPaymentAwardOptionsGrantsInPeriodWeightedAverageGrantDateFairValue,,,,,,,,,0.460
ShareBasedCompensationArrangementsByShareBasedPaymentAwardOptionsForfeituresInPeriodWeightedAverageExercisePrice,,,,,,1.580,2.920,,
SharebasedCompensationArrangementBySharebasedPaymentAwardOptionsVestedNumberOfShares,,,,,,,,,185005.000
StockIssuedDuringPeriodSharesNewIssues,,,,,,,1000000.000,,
StockIssuedDuringPeriodSharesStockOptionsExercised,,,,,,,,,0.000
StockIssuedDuringPeriodValueNewIssues,,,,,4130102.000,,,,
TemporaryEquityAccretionToRedemptionValueAdjustment,187086.000,159288.000,,,,,,,
WeightedAverageNumberOfShareOutstandingBasicAndDiluted,2874330.000,5410661.000,8123293.000,-10255145.000,9307354.000,10314106.000,11264886.000,-19935168.000,14157351.000
