,2014-03-31,2014-06-30,2014-09-30,2015-03-31,2015-06-30,2015-09-30,2015-12-31,2016-03-31,2016-06-30,2016-09-30,2016-12-31,2017-03-31
AmortizationOfFinancingCostsAndDiscounts,,,,,,,,847000.000,,,,939000.000
AmortizationOfIntangibleAssets,3900000.000,4200000.000,4300000.000,4500000.000,7200000.000,13200000.000,,13300000.000,13200000.000,12900000.000,13800000.000,12400000.000
AssetImpairmentCharges,,,,,636000.000,,,,,,,285000.000
BusinessCombinationAcquisitionRelatedCosts,,,,,4446000.000,3249000.000,,,,,,
BusinessCombinationContingentConsiderationArrangementsChangeInAmountOfContingentConsiderationLiability1,,,,,375000.000,,,,,-3000000.000,,-600000.000
CapitalExpendituresIncurredButNotYetPaid,,,,,,,,,,,,0.000
CashAndCashEquivalentsPeriodIncreaseDecrease,,,,,,,,-6504000.000,,,,-10335000.000
ComprehensiveIncomeNetOfTax,,,,,2423000.000,-24038000.000,,-20985000.000,-20849000.000,-21443000.000,-20832000.000,-11511000.000
CostOfGoodsSold,,,,,254000.000,206000.000,,170000.000,3376000.000,698000.000,1993000.000,3852000.000
CostOfServices,,,,,5613000.000,7258000.000,,6273000.000,6643000.000,6711000.000,7109000.000,7471000.000
DeferredIncomeTaxExpenseBenefit,,,,,,,,-2074000.000,,,,1350000.000
DefinedContributionPlanCostRecognized,65000.000,82000.000,,100000.000,96000.000,196000.000,,300000.000,200000.000,200000.000,200000.000,300000.000
DefinedContributionPlanMaximumAnnualContributionsPerEmployeePercent,0.150,,,0.150,,,,0.150,,,,0.150
Depreciation,4300000.000,3900000.000,4700000.000,3900000.000,5000000.000,7400000.000,7100000.000,7300000.000,7300000.000,6500000.000,5900000.000,6100000.000
DepreciationDepletionAndAmortization,,,,,12209000.000,20545000.000,,20542000.000,20566000.000,19419000.000,19654000.000,18451000.000
DilutiveSecurities,0.000,,0.000,0.000,0.000,0.000,0.000,,,,,
EarningsPerShareBasic,,,,,0.240,-1.560,,-1.410,-1.260,-1.420,-1.360,-0.830
EarningsPerShareDiluted,,,,,0.240,-1.560,,-1.410,-1.260,-1.420,-1.360,-0.830
EffectOfExchangeRateOnCashAndCashEquivalents,,,,,,,,1000.000,,,,3000.000
EffectiveIncomeTaxRateContinuingOperations,0.174,0.122,0.068,-0.090,-1.144,0.233,,-0.093,-0.079,-0.052,0.260,0.220
EffectiveIncomeTaxRateReconciliationAtFederalStatutoryIncomeTaxRate,0.350,,,0.350,0.350,0.350,,0.350,0.350,0.350,-0.700,0.350
GainLossOnDispositionOfAssets1,,,,,,,,-108000.000,,,,-577000.000
GainLossOnSalesOfAssetsAndAssetImpairmentCharges,,,,,613000.000,266000.000,,,,-200000.000,,-500000.000
GoodwillPurchaseAccountingAdjustments,1500000.000,,,,,,,,,,,
GoodwillTranslationAdjustments,,,,,,,,-246000.000,,,,1704000.000
ImpairmentOfIntangibleAssetsExcludingGoodwill,,,,,2237000.000,,,,,3300000.000,,
ImpairmentOfIntangibleAssetsFinitelived,,,,0.000,,,,,,,,300000.000
ImpairmentOfLongLivedAssetsToBeDisposedOf,,,,,172000.000,,,,,1300000.000,,
IncomeLossFromContinuingOperationsBeforeIncomeTaxesMinorityInterestAndIncomeLossFromEquityMethodInvestments,,,,,-19851000.000,-30356000.000,,-23221000.000,-20454000.000,-22400000.000,-18299000.000,-10153000.000
IncomeTaxExpenseBenefit,,,,,-22700000.000,-7077000.000,,-2155000.000,-1615000.000,-1165000.000,1935000.000,2233000.000
IncomeTaxesPaid,,,,,,,,310000.000,,,,273000.000
IncreaseDecreaseInAccountsAndNotesReceivable,,,,,,,,175000.000,,,,-637000.000
IncreaseDecreaseInAccountsPayableAndAccruedLiabilities,,,,,,,,1573000.000,,,,-4564000.000
IncreaseDecreaseInDepositOtherAssets,,,,,,,,257000.000,,,,90000.000
IncreaseDecreaseInInventories,,,,,,,,-145000.000,,,,-2315000.000
IncreaseDecreaseInOtherNoncurrentAssets,,,,,,,,-4301000.000,,,,1089000.000
IncreaseDecreaseInPrepaidExpense,,,,,,,,-134000.000,,,,1062000.000
IncrementalCommonSharesAttributableToShareBasedPaymentArrangements,,,,,384000.000,,,,,,,
InterestExpense,,,,,8006000.000,14886000.000,,14616000.000,14632000.000,14903000.000,15812000.000,15160000.000
InterestPaid,,,,,,,,9774000.000,,,,9655000.000
InvestmentIncomeInterest,,,,,17000.000,32000.000,,23000.000,16000.000,12000.000,6000.000,15000.000
NetCashProvidedByUsedInFinancingActivities,,,,,,,,-4291000.000,,,,-3128000.000
NetCashProvidedByUsedInFinancingActivitiesContinuingOperations,,,,,,,,-4291000.000,,,,-3128000.000
NetCashProvidedByUsedInInvestingActivities,,,,,,,,-7580000.000,,,,-14429000.000
NetCashProvidedByUsedInInvestingActivitiesContinuingOperations,,,,,,,,-7580000.000,,,,-14429000.000
NetCashProvidedByUsedInOperatingActivities,,,,,,,,5366000.000,,,,7219000.000
NetCashProvidedByUsedInOperatingActivitiesContinuingOperations,,,,,,,,5366000.000,,,,7219000.000
NetIncomeLoss,,,,,2849000.000,-23279000.000,,-21066000.000,-18839000.000,-21235000.000,-20234000.000,-12386000.000
NoncashOrPartNoncashAcquisitionFixedAssetsAcquired1,,,,,,,,865000.000,,,,
OperatingExpenses,,,,,37635000.000,51122000.000,,44441000.000,46956000.000,48325000.000,44148000.000,45591000.000
OperatingIncomeLoss,,,,,-11339000.000,-13017000.000,,-4206000.000,-4338000.000,-7117000.000,-1403000.000,2183000.000
OtherComprehensiveIncomeLossForeignCurrencyTransactionAndTranslationAdjustmentNetOfTax,,,,,-426000.000,-759000.000,,81000.000,-2010000.000,-208000.000,-598000.000,875000.000
OtherComprehensiveIncomeLossNetOfTax,183205.000,,,243000.000,,,,,,,,
OtherCostAndExpenseOperating,,,,,7728000.000,4249000.000,,110000.000,191000.000,1852000.000,,232000.000
OtherNonoperatingIncomeExpense,,,,,-523000.000,-2485000.000,,-4422000.000,-1500000.000,-392000.000,-1090000.000,2809000.000
PaymentsForRestructuring,,,,323000.000,,,,37000.000,,,,
PaymentsToAcquireIntangibleAssets,,,,,,,,56000.000,,,,358000.000
PaymentsToAcquireMachineryAndEquipment,,,,,,,,5460000.000,,,,11861000.000
ProceedsFromCollectionOfNotesReceivable,,,,,,,,0.000,,,,
ProceedsFromIssuanceOfSharesUnderIncentiveAndShareBasedCompensationPlans,,,,,,,,0.000,,,,25000.000
ProceedsFromLongTermLinesOfCredit,,,,,,,,0.000,,,,
ProceedsFromSalesOfAssetsInvestingActivities,,,,,,,,87000.000,,,,0.000
ProvisionForDoubtfulAccounts,,,,,,,,118000.000,,,,595000.000
RepaymentsOfLongTermDebt,,,,,,,,1641000.000,,,,1833000.000
ResearchAndDevelopmentExpense,600000.000,400000.000,300000.000,700000.000,3033000.000,5060000.000,,4663000.000,5179000.000,6675000.000,4829000.000,5304000.000
RestructuringCharges,,,,163000.000,,,,0.000,,,,
RestructuringCosts,,,,,800000.000,300000.000,,0.000,,,,
RestructuringReserveSettledWithoutCash1,,,,0.000,,,,,,,,
Revenues,,,,,26296000.000,38105000.000,,40235000.000,42618000.000,41208000.000,42745000.000,47774000.000
SalesRevenueGoodsNet,,,,,1511000.000,1297000.000,,1597000.000,3040000.000,2331000.000,4981000.000,7341000.000
SalesRevenueNet,,,,,26296000.000,38105000.000,,40235000.000,42618000.000,41208000.000,42745000.000,47774000.000
SalesRevenueServicesNet,,,,,24785000.000,36808000.000,,38638000.000,39578000.000,38877000.000,37764000.000,40433000.000
SellingGeneralAndAdministrativeExpense,,,,,8798000.000,13804000.000,,12683000.000,11001000.000,12970000.000,9454000.000,10281000.000
ShareBasedCompensationArrangementByShareBasedPaymentAwardFairValueAssumptionsExpectedDividendRate,,,,,,,,0.000,,,,
ShareBasedCompensationArrangementByShareBasedPaymentAwardOptionsForfeituresInPeriod,,,,,,,,95000.000,,,,28750.000
ShareBasedCompensationArrangementByShareBasedPaymentAwardOptionsGrantsInPeriod,,,,,,,,227600.000,0.000,0.000,20000.000,48750.000
ShareBasedCompensationArrangementsByShareBasedPaymentAwardOptionsForfeituresInPeriodWeightedAverageExercisePrice,,,,,,,,15.700,,,,16.980
ShareBasedCompensationArrangementsByShareBasedPaymentAwardOptionsGrantsInPeriodWeightedAverageExercisePrice,,,,,,,,16.980,,,,16.390
WeightedAverageNumberDilutedSharesOutstandingAdjustment,,,,,,,,0.000,,,,0.000
WeightedAverageNumberOfDilutedSharesOutstanding,,,,,12118000.000,14932000.000,,14932000.000,14932000.000,14932000.000,-29864000.000,14932000.000
WeightedAverageNumberOfShareOutstandingBasicAndDiluted,,,,,11734000.000,,,,,,,
WeightedAverageNumberOfSharesOutstandingBasic,,,,,11734000.000,14932000.000,,14932000.000,14932000.000,14932000.000,-29864000.000,14932000.000
