,2014-09-30,2015-03-31,2015-06-30,2015-09-30,2015-12-31,2016-03-31,2016-06-30,2016-09-30,2016-12-31,2017-03-31
AdjustmentsToAdditionalPaidInCapitalSharebasedCompensationRequisiteServicePeriodRecognitionValue,,4599000.000,,,,1967000.000,,,,898000.000
AllocatedShareBasedCompensationExpense,2600000.000,4800000.000,5000000.000,3000000.000,3200000.000,2000000.000,4000000.000,2000000.000,1000000.000,600000.000
AllowanceForDoubtfulAccountsReceivableRecoveries,,,,,,,,,,0.000
AssetImpairmentCharges,928947000.000,,,,,,,,,
CapitalExpendituresIncurredButNotYetPaid,,,,,,4883000.000,,,,1447000.000
CashAndCashEquivalentsPeriodIncreaseDecrease,,29001000.000,,,,61830000.000,,,,-51218000.000
ComprehensiveIncomeNetOfTax,-899143000.000,,,,,,,,,-69638000.000
ComprehensiveIncomeNetOfTaxIncludingPortionAttributableToNoncontrollingInterest,,59152000.000,48044000.000,-1089793000.000,-21885000.000,-2955000.000,-18827000.000,-72468000.000,-240750000.000,
ContractRevenueCost,6593000.000,5613000.000,5681000.000,4792000.000,4513000.000,5059000.000,4193000.000,4966000.000,-527000.000,14000.000
ContractsRevenue,8562000.000,7165000.000,7206000.000,6853000.000,7884000.000,6748000.000,5485000.000,4517000.000,126000.000,0.000
ContractualInterestExpenseOnPrepetitionLiabilitiesNotRecognizedInStatementOfOperations,,,,,,36106000.000,31013000.000,36610000.000,37137000.000,36080000.000
CostOfReimbursableExpense,35592000.000,19978000.000,18678000.000,19517000.000,23118000.000,19784000.000,13308000.000,2778000.000,1496000.000,1576000.000
CostOfServicesOilAndGas,217378000.000,225105000.000,196969000.000,190536000.000,156763000.000,112706000.000,91631000.000,85109000.000,71337000.000,49592000.000
CostsAndExpenses,1301643000.000,334995000.000,335517000.000,1474317000.000,288973000.000,221629000.000,178509000.000,154587000.000,250827000.000,90871000.000
DebtorReorganizationItemsLegalAndAdvisoryProfessionalFees,,,,,,18616000.000,13880000.000,14249000.000,12619000.000,16448000.000
DebtorReorganizationItemsOtherExpenseIncome,,,,,,3226000.000,3669000.000,2962000.000,1449000.000,2026000.000
DeferredIncomeTaxesAndTaxCredits,,1270000.000,,,,-4750000.000,,,,-1176000.000
DepreciationAndAmortization,108027000.000,,,,,,,,,
DepreciationDepletionAndAmortization,,90075000.000,94673000.000,95826000.000,58694000.000,71906000.000,59556000.000,50270000.000,,
DerivativeInstrumentsGainLossRecognizedInOtherComprehensiveIncomeEffectivePortionNet,-3073000.000,,,,,,,,,
EarlyRepaymentOfSeniorDebt,,6546000.000,,,,0.000,,,,
EarningsPerShareBasicAndDiluted,-10.140,0.690,0.510,-12.460,-0.390,-0.060,-0.290,-0.720,-2.800,-0.790
EffectiveIncomeTaxRateContinuingOperations,-0.092,,,,,,,,,
GainLossOnContractTermination,0.000,,,,,,,,,
GainLossOnRepurchaseOfDebtInstrument,6931000.000,4345000.000,0.000,0.000,0.000,0.000,0.000,0.000,0.000,
GainLossOnSaleOfPropertyPlantEquipment,0.000,16795000.000,-4078000.000,0.000,500000.000,0.000,0.000,0.000,0.000,
GeneralAndAdministrativeExpense,12037000.000,15364000.000,13737000.000,12800000.000,17574000.000,12174000.000,9821000.000,11464000.000,10101000.000,8723000.000
IncomeLossFromContinuingOperationsBeforeIncomeTaxesExtraordinaryItemsNoncontrollingInterest,-818534000.000,67723000.000,28854000.000,-1140227000.000,-28070000.000,-4606000.000,-26013000.000,-62362000.000,,-68067000.000
IncomeTaxExpenseBenefit,75682000.000,6565000.000,-18477000.000,-55389000.000,-4807000.000,604000.000,-904000.000,1256000.000,19530000.000,2349000.000
IncomeTaxesPaid,,,,,,5000000.000,,,,2000000.000
IncreaseDecreaseInAccountsPayable,,-14506000.000,,,,3966000.000,,,,-17787000.000
IncreaseDecreaseInAccountsReceivable,,-181160000.000,,,,23471000.000,,,,-18643000.000
IncreaseDecreaseInOperatingCapital,,-65038000.000,,,,32951000.000,,,,-2717000.000
IncreaseDecreaseInOtherCurrentAssets,,-20376000.000,,,,4218000.000,,,,4237000.000
IncreaseDecreaseInOtherCurrentLiabilities,,-96887000.000,,,,-2862000.000,,,,-1981000.000
IncreaseDecreaseInOtherNoncurrentAssets,,4643000.000,,,,5285000.000,,,,-862000.000
IncreaseDecreaseInOtherNoncurrentLiabilities,,-20462000.000,,,,-1081000.000,,,,-1232000.000
IncreaseDecreaseInOtherOperatingCapitalNet,,,,,,-32951000.000,,,,-2717000.000
IncreaseDecreaseInRestrictedCash,,-12502000.000,,,,4160000.000,,,,919000.000
IncrementalCommonSharesAttributableToParticipatingNonvestedSharesWithNonForfeitableDividendRights,,4166000.000,6922000.000,6947000.000,-11838000.000,5944000.000,4328000.000,3929000.000,-9783000.000,1885000.000
InterestCostsCapitalized,,200000.000,40000.000,0.000,-140000.000,,,,,
InterestCostsIncurredCapitalized,200000.000,,,,,,,,,
InterestExpense,22453000.000,30195000.000,29042000.000,33900000.000,36899000.000,27017000.000,12836000.000,18446000.000,18972000.000,17916000.000
LiabilitiesSubjectToCompromiseCashDisbursementsAndReclassificationsUnderBankruptcyCourtOrders,,,,,,1709347000.000,,,,
LiabilitiesSubjectToCompromiseIncreaseDecreaseUnderBankruptcyCourtOrderReclassifications,,,,,,,,,,0.000
MinorityInterestDecreaseFromRedemptions,,2185000.000,,,,,,,,
NetCashProvidedByUsedInFinancingActivities,,-158837000.000,,,,-16947000.000,,,,-10823000.000
NetCashProvidedByUsedInFinancingActivitiesContinuingOperations,,-158837000.000,,,,-16947000.000,,,,-10823000.000
NetCashProvidedByUsedInInvestingActivities,,-22547000.000,,,,-27448000.000,,,,-4417000.000
NetCashProvidedByUsedInInvestingActivitiesContinuingOperations,,-22547000.000,,,,-27448000.000,,,,-4417000.000
NetCashProvidedByUsedInOperatingActivities,,210385000.000,,,,106225000.000,,,,-35978000.000
NetCashProvidedByUsedInOperatingActivitiesContinuingOperations,,210385000.000,,,,106225000.000,,,,-35978000.000
NetIncomeLoss,-894216000.000,61127000.000,47331000.000,-1084838000.000,-23263000.000,-5210000.000,-25109000.000,-63618000.000,-244419000.000,-70416000.000
NetIncomeLossAttributableToNoncontrollingInterest,,31000.000,0.000,0.000,0.000,0.000,0.000,0.000,0.000,
NetIncomeLossAvailableToCommonStockholdersBasic,,58273000.000,43799000.000,-1084838000.000,-16877000.000,-5210000.000,-25109000.000,-63618000.000,-244419000.000,-70416000.000
NetIncomeLossAvailableToCommonStockholdersDiluted,-859035000.000,58273000.000,43799000.000,-1084838000.000,-16877000.000,-5210000.000,-25109000.000,-63618000.000,-244419000.000,-70416000.000
OciBeforeReclassificationsNetOfTaxAttributableToParent,,,,,,,,,,876000.000
OperatingIncomeLoss,-796421000.000,95653000.000,57727000.000,-1105344000.000,10590000.000,43491000.000,6426000.000,-29509000.000,-189784000.000,-33428000.000
OtherComprehensiveIncomeDefinedBenefitPlansNetUnamortizedGainLossArisingDuringPeriodNetOfTax,,197000.000,192000.000,,,,,,,
OtherComprehensiveIncomeLossBeforeReclassificationsNetOfTax,,-2198000.000,,,,,,,,
OtherComprehensiveIncomeLossDerivativesQualifyingAsHedgesNetOfTax,,,,0.000,,,,,,
OtherComprehensiveIncomeLossForeignCurrencyTransactionAndTranslationAdjustmentNetOfTax,-1854000.000,-2198000.000,525000.000,-5145000.000,-612000.000,2068000.000,6083000.000,-8919000.000,-1898000.000,876000.000
OtherComprehensiveIncomeLossNetOfTax,,-2006000.000,713000.000,-4955000.000,1378000.000,2255000.000,6282000.000,-8850000.000,3669000.000,778000.000
OtherComprehensiveIncomeLossNetOfTaxPortionAttributableToParent,-4927000.000,,,,,,,,,778000.000
OtherComprehensiveIncomeLossPensionAndOtherPostretirementBenefitPlansAdjustmentNetOfTax,,,,,,-187000.000,-199000.000,-69000.000,-5567000.000,98000.000
OtherComprehensiveIncomeLossReclassificationAdjustmentFromAOCIPensionAndOtherPostretirementBenefitPlansForNetGainLossNetOfTax,,,,-195000.000,,,,,,
OtherComprehensiveIncomeLossReclassificationAdjustmentFromAOCIPensionAndOtherPostretirementBenefitPlansNetOfTax,,-5000.000,-4000.000,-5000.000,,,,,,
OtherNoncashIncomeExpense,,,,,,,,,,-1047000.000
OtherNonoperatingIncomeExpense,340000.000,2265000.000,169000.000,-983000.000,-1761000.000,762000.000,-2054000.000,2804000.000,-2065000.000,1751000.000
OtherPostretirementBenefitExpense,500000.000,300000.000,,400000.000,,300000.000,,,,700000.000
OtherSalesRevenueNet,5000.000,,,,,,,,,
PaymentsForRestructuring,,,,,,,,,,4000000.000
PaymentsOfCapitalDistribution,,0.000,,,,,,,,
PaymentsOfDebtIssuanceCosts,,0.000,,,,,,,,
PaymentsRelatedToTaxWithholdingForShareBasedCompensation,,,,,,,,,,25000.000
PaymentsToAcquireAdditionalInterestInSubsidiaries,,2185000.000,,,,0.000,,,,
PaymentsToAcquirePropertyPlantAndEquipment,71700000.000,50699000.000,62000000.000,44000000.000,46210000.000,17866000.000,,,,3017000.000
PensionExpense,800000.000,2000000.000,2000000.000,,,,,,,
ProceedsFromLongTermLinesOfCredit,,,,,,0.000,,,,
ProceedsFromSaleOfPropertyPlantAndEquipment,,24007000.000,,,,0.000,,,,
ProfitLoss,,61158000.000,47331000.000,-1084838000.000,-23263000.000,-5210000.000,-25109000.000,-63618000.000,-244419000.000,
ProvisionForDoubtfulAccounts,,9219000.000,,,,0.000,,,,
ReclassificationFromAccumulatedOtherComprehensiveIncomeCurrentPeriodNetOfTax,,-192000.000,,,,,,,,
ReclassificationFromAociCurrentPeriodNetOfTaxAttributableToParent,,,,,,,,,,98000.000
ReimbursementRevenue,40481000.000,23664000.000,22949000.000,23410000.000,24566000.000,23328000.000,14986000.000,3887000.000,2123000.000,2196000.000
ReorganizationItems,,,,,,21842000.000,17549000.000,17211000.000,14068000.000,18474000.000
RepaymentsOfSecuredDebt,,1625000.000,,,,0.000,,,,
RestructuringCharges,,,,,,,,,,3000000.000
RevenueOilAndGasServices,456174000.000,399819000.000,363089000.000,338710000.000,267113000.000,235044000.000,164464000.000,116674000.000,58794000.000,55247000.000
Revenues,505222000.000,430648000.000,393244000.000,368973000.000,299563000.000,265120000.000,184935000.000,125078000.000,61043000.000,57443000.000
SalesRevenueNet,505222000.000,430648000.000,393244000.000,368973000.000,299563000.000,265120000.000,184935000.000,125078000.000,61043000.000,57443000.000
ShareBasedCompensation,,4765000.000,,,,2206000.000,,,,646000.000
ShareBasedCompensationArrangementByShareBasedPaymentAwardEquityInstrumentsOtherThanOptionsGrantsInPeriod,,,,,,0.000,0.000,0.000,0.000,0.000
StockIssuedDuringPeriodValueRestrictedStockAwardNetOfForfeitures,,,,,,,,,,-25000.000
StockIssuedDuringPeriodValueShareBasedCompensationGross,,-693000.000,,,,-98000.000,,,,
TangibleAssetImpairmentCharges,,,1701000.000,1150846000.000,,,0.000,0.000,,391000.000
UndistributedEarningsLossAllocatedToParticipatingSecuritiesBasic,,2854000.000,3532000.000,0.000,-6386000.000,0.000,0.000,0.000,0.000,0.000
UndistributedEarningsLossAllocatedToParticipatingSecuritiesDiluted,35181000.000,2854000.000,3532000.000,0.000,-6386000.000,0.000,0.000,0.000,0.000,0.000
WeightedAverageNumberOfShareOutstandingBasicAndDiluted,84753000.000,85055000.000,85836000.000,87077000.000,-172183000.000,86598000.000,87601000.000,87876000.000,-174541000.000,88747000.000
WeightedAverageNumberOfSharesRestrictedStock,3471000.000,,,,,,,,,
