,2014-03-31,2014-06-30,2014-09-30,2014-12-31,2015-03-31,2015-06-30,2015-09-30,2015-12-31,2016-03-31,2016-06-30,2016-09-30,2016-12-31,2017-03-31,2017-06-30
AdjustmentsToAdditionalPaidInCapitalOther,,,,,,,,,,,,,-36000.000,
AdjustmentsToAdditionalPaidInCapitalSharebasedCompensationRequisiteServicePeriodRecognitionValue,,,,,2316000.000,,,,675000.000,,,,1478000.000,
AllocatedShareBasedCompensationExpense,,100000.000,1200000.000,,,,,,,11000000.000,1000000.000,,,1800000.000
AmortizationOfDebtDiscountPremium,,,,,,,,,-1651000.000,,,,,
AmortizationOfFinancingCosts,,,,,,29000.000,30000.000,,490000.000,,,,,
AmortizationOfIntangibleAssets,,,,,,,5893000.000,,,,,,,
BusinessAcquisitionsProFormaNetIncomeLoss,,,,,6339000.000,12031000.000,9492000.000,,,,,,,
BusinessAcquisitionsProFormaRevenue,,,,,249820000.000,213685000.000,216971000.000,,,,,,,
BusinessCombinationAcquisitionRelatedCosts,,,,,,0.000,0.000,,,29914000.000,-307000.000,,,0.000
BusinessCombinationIntegrationRelatedCosts,,,,,20810000.000,4903000.000,2448000.000,,,,,,,
CashAndCashEquivalentsPeriodIncreaseDecrease,3443000.000,,,,146848000.000,,,,-24994000.000,,,,35178000.000,
CashFlowHedgeGainLossToBeReclassifiedWithinTwelveMonths,,,,,62000.000,,,,6500000.000,,,,400000.000,
CommonStockDividendsPerShareCashPaid,,,,,0.250,,,,0.250,,,,,
CommonStockDividendsPerShareDeclared,,,,,,,,,,,0.250,,0.250,0.250
ComprehensiveIncomeNetOfTax,,,,,-7632000.000,11776000.000,1097000.000,-88822000.000,702000.000,16624000.000,7811000.000,45194000.000,14782000.000,137244000.000
ComprehensiveIncomeNetOfTaxAttributableToNoncontrollingInterest,,,,,-2360000.000,1783000.000,-660000.000,-17267000.000,-487000.000,2532000.000,872000.000,7969000.000,2191000.000,25206000.000
ComprehensiveIncomeNetOfTaxIncludingPortionAttributableToNoncontrollingInterest,,,,,-9992000.000,13559000.000,437000.000,-106089000.000,215000.000,19156000.000,8683000.000,53163000.000,16973000.000,162450000.000
ConversionOfStockSharesConverted1,,,,,1.000,,,,,,,,,
ConversionOfStockSharesIssued1,,,,,1.000,,,,,,,,,
CostOfPropertyRepairsAndMaintenance,7150000.000,4934000.000,5169000.000,6178000.000,9488000.000,7846000.000,6435000.000,8145000.000,,,,,,
CostsAndExpenses,103062000.000,142821000.000,114578000.000,123504000.000,,,,,,,,,,
DebtInstrumentPeriodicPaymentPrincipal,,,,,,,,,3658000.000,,,,,
DepreciationAndAmortization,45968000.000,47288000.000,49307000.000,55327000.000,92184000.000,91453000.000,77008000.000,71824000.000,71403000.000,69232000.000,71287000.000,69228000.000,67511000.000,66620000.000
DepreciationDepletionAndAmortization,,,,,90574000.000,,,,70377000.000,,,,66994000.000,
DerivativeInstrumentsGainRecognizedInOtherComprehensiveIncomeEffectivePortion,,,,,593000.000,,,,,,,,,
DerivativeInstrumentsLossRecognizedInOtherComprehensiveIncomeEffectivePortion,,,,,,4800000.000,,,,,,,,
DerivativeNetHedgeIneffectivenessGainLoss,,,,,0.000,0.000,193000.000,0.000,2300000.000,600000.000,1700000.000,-4312000.000,100000.000,0.000
DilutiveSecurities,,0.000,0.000,,,,,,,,,,,
DirectCostsOfLeasedAndRentedPropertyOrEquipment,26140000.000,26219000.000,29268000.000,28088000.000,41079000.000,42483000.000,39939000.000,40556000.000,43934000.000,39525000.000,41295000.000,41936000.000,37244000.000,35164000.000
DisposalGroupNotDiscontinuedOperationGainLossOnDisposal,,,,,,,,,-2209000.000,-88000.000,181000.000,116000.000,51000.000,125385000.000
DistributionMadeToLimitedPartnerCashDistributionsPaid,,,,,50000.000,,,,,,,,,
DividendsCommonStock,,,,,50549000.000,,,,55149000.000,,,,55471000.000,
DividendsPreferredStock,,,,,5349000.000,,,,-3508000.000,,,,3508000.000,
EarningsPerShareBasic,,,,,-0.070,0.020,0.020,-0.520,0.050,0.100,0.010,0.130,0.050,0.730
EarningsPerShareBasicAndDiluted,,0.450,0.210,,-0.070,0.020,0.020,-0.520,0.050,0.100,0.010,0.130,0.050,
EarningsPerShareDiluted,,,,,-0.070,0.020,0.020,-0.520,0.050,,,,0.050,0.720
EquityMethodInvestmentDividendsOrDistributions,414000.000,,,,99000.000,,,,53000.000,,,,80000.000,
EquityMethodInvestmentSummarizedFinancialInformationCostOfSales,,,,,,9934000.000,18678000.000,,19306000.000,19257000.000,19730000.000,20392000.000,20591000.000,24404000.000
EquityMethodInvestmentSummarizedFinancialInformationNetIncomeLoss,,,,,,-1934000.000,1827000.000,,-927000.000,280000.000,-10000.000,3091000.000,349000.000,649000.000
EquityMethodInvestmentSummarizedFinancialInformationRevenue,,,,,,21168000.000,46394000.000,,46312000.000,47494000.000,47530000.000,50495000.000,48434000.000,58852000.000
GainLossOnDispositionOfAssets,,,,,,,,,-2209000.000,,,,324000.000,
GainLossOnSaleOfProperties,242000.000,,,,,,,,,,,,,
GainsLossesOnExtinguishmentOfDebt,,,,,,,,,,34078000.000,0.000,,,21221000.000
GeneralAndAdministrativeExpense,,1865000.000,4395000.000,,9700000.000,12235000.000,12400000.000,13598000.000,10804000.000,9432000.000,8139000.000,8942000.000,8828000.000,9091000.000
ImpairmentOfRealEstate,,,,,,,9859000.000,,,,20701000.000,,8509000.000,0.000
IncomeLossFromEquityMethodInvestments,345000.000,402000.000,99000.000,127000.000,216000.000,-1703000.000,-164000.000,404000.000,-1161000.000,-508000.000,-933000.000,857000.000,-444000.000,-172000.000
IncomeTaxExpenseBenefit,75000.000,66000.000,134000.000,940000.000,445000.000,528000.000,87000.000,-211000.000,979000.000,114000.000,322000.000,817000.000,2026000.000,522000.000
IncreaseDecreaseInAccountsAndNotesReceivable,-4767000.000,,,,-10924000.000,,,,-2900000.000,,,,-2399000.000,
IncreaseDecreaseInAccountsPayableAndOtherOperatingLiabilities,,,,,-35089000.000,,,,-29723000.000,,,,-12912000.000,
IncreaseDecreaseInPrepaidDeferredExpenseAndOtherAssets,4088000.000,,,,5628000.000,,,,2259000.000,,,,9947000.000,
IncreaseDecreaseInRestrictedCash,,,,,-1492000.000,,,,3554000.000,,,,558000.000,
IncrementalCommonSharesAttributableToShareBasedPaymentArrangements,,,,,,1604942.000,1544428.000,,657575.000,856562.000,896199.000,-1606531.000,525629.000,524354.000
InterestExpense,13917000.000,22677000.000,23219000.000,22639000.000,37122000.000,38774000.000,29898000.000,34135000.000,37348000.000,34466000.000,32168000.000,32243000.000,32488000.000,31281000.000
LeaseAndRentalExpense,,,,,,,,,,,,,,996000.000
MarketingAndAdvertisingExpense,1952000.000,1932000.000,1954000.000,2551000.000,2687000.000,2656000.000,2637000.000,3721000.000,2232000.000,2597000.000,2638000.000,2908000.000,2152000.000,2275000.000
MinorityInterestDecreaseFromDistributionsToNoncontrollingInterestHolders,,,,,8000.000,,,,52000.000,,,,,
MinorityInterestDecreaseFromRedemptions,,,,,,,,,,,,,0.000,
NetCashProvidedByUsedInFinancingActivities,-39637000.000,,,,1085020000.000,,,,-76541000.000,,,,-89671000.000,
NetCashProvidedByUsedInFinancingActivitiesContinuingOperations,-39637000.000,,,,1085020000.000,,,,-76541000.000,,,,-89671000.000,
NetCashProvidedByUsedInInvestingActivities,-24232000.000,,,,-989946000.000,,,,-7584000.000,,,,53401000.000,
NetCashProvidedByUsedInInvestingActivitiesContinuingOperations,-24232000.000,,,,-989946000.000,,,,-7584000.000,,,,53401000.000,
NetCashProvidedByUsedInOperatingActivities,67312000.000,,,,51774000.000,,,,59131000.000,,,,71448000.000,
NetCashProvidedByUsedInOperatingActivitiesContinuingOperations,67312000.000,,,,51774000.000,,,,59131000.000,,,,71448000.000,
NetIncomeLoss,,,,,-7292000.000,7896000.000,7565000.000,-93466000.000,12022000.000,21315000.000,4870000.000,28924000.000,12810000.000,138975000.000
NetIncomeLossAttributableToNoncontrollingInterest,,14480000.000,6620000.000,,-2296000.000,1048000.000,563000.000,-18140000.000,1659000.000,3422000.000,313000.000,4891000.000,1814000.000,25525000.000
NetIncomeLossAvailableToCommonStockholdersBasic,,69801000.000,32201000.000,,-12270000.000,3901000.000,4057000.000,-96974000.000,8514000.000,17807000.000,1362000.000,25416000.000,9302000.000,135467000.000
NetIncomeLossAvailableToCommonStockholdersDiluted,,69081000.000,32201000.000,,-14563000.000,4949000.000,4638000.000,-115192000.000,10119000.000,21177000.000,1619000.000,30218000.000,11056000.000,160932000.000
NetIncomeLossPerOutstandingLimitedPartnershipAndGeneralPartnershipUnitBasicAndDiluted,,,,,,,0.020,,0.050,,,,,
NumberOfReportableSegments,,,,,1.000,,,,1.000,,,,1.000,
OperatingExpenses,,,,,209959000.000,192784000.000,178694000.000,306478000.000,154653000.000,179903000.000,171497000.000,152429000.000,152863000.000,139302000.000
OperatingIncomeLoss,54907000.000,15354000.000,53106000.000,53794000.000,27763000.000,44802000.000,38277000.000,-77101000.000,55378000.000,25835000.000,38425000.000,65355000.000,49531000.000,49869000.000
OperatingLeasesIncomeStatementContingentRevenue,2110000.000,1134000.000,1747000.000,4366000.000,3263000.000,2292000.000,2583000.000,5902000.000,3457000.000,1911000.000,2419000.000,5095000.000,2832000.000,1299000.000
OperatingLeasesIncomeStatementMinimumLeaseRevenue,106637000.000,108374000.000,113887000.000,120202000.000,162704000.000,163633000.000,146111000.000,156057000.000,143105000.000,141257000.000,142811000.000,145608000.000,137116000.000,129433000.000
OtherComprehensiveIncomeLossDerivativesQualifyingAsHedgesNetOfTax,,,,,-404000.000,4615000.000,-7691000.000,5517000.000,-13466000.000,-5581000.000,3500000.000,19348000.000,2349000.000,-2050000.000
OtherComprehensiveIncomeLossNetOfTax,,,,,,,,,-13466000.000,,,,2349000.000,
OtherCostAndExpenseOperating,1119000.000,1281000.000,1108000.000,1148000.000,2748000.000,2548000.000,1550000.000,1617000.000,1057000.000,1043000.000,1142000.000,1076000.000,1031000.000,
OtherIncome,2054000.000,1488000.000,1236000.000,3065000.000,2528000.000,4238000.000,6095000.000,6530000.000,5513000.000,3160000.000,4686000.000,7943000.000,5656000.000,6318000.000
PartnersCapitalAccountExchangesAndConversions,,,,,,,,,,,,,0.000,
PaymentsForCapitalImprovements,,,,,34882000.000,,,,25502000.000,,,,25039000.000,
PaymentsForProceedsFromProductiveAssets,24742000.000,,,,,,,,,,,,,
PaymentsForRepurchaseOfRedeemableNoncontrollingInterest,,,,,,,,,0.000,,,,6830000.000,
PaymentsForRepurchaseOfRedeemablePreferredStock,,,,,,,,,5000.000,,,,0.000,
PaymentsOfOrdinaryDividends,,,,,52807000.000,,,,58717000.000,,,,59016000.000,
PaymentsToAcquireBusinessesNetOfCashAcquired,,,,,956602000.000,,,,0.000,,,,,
PaymentsToAcquireInterestInSubsidiariesAndAffiliates,356000.000,,,,,,,,3260000.000,,,,36368000.000,
PaymentsToMinorityShareholders,,,,,8000.000,,,,0.000,,,,23000.000,
PreferredStockDividendsIncomeStatementImpact,,,,,4978000.000,,,,,,,,,
PreferredStockRedemptionPremium,,,,,,3995000.000,3508000.000,,3508000.000,3508000.000,3508000.000,3508000.000,3508000.000,3508000.000
ProceedsFromDebtNetOfIssuanceCosts,,,,,1423280000.000,,,,0.000,,,,80814000.000,
ProceedsFromEquityMethodInvestmentDividendsOrDistributionsReturnOfCapital,866000.000,,,,46000.000,,,,15712000.000,,,,52479000.000,
ProceedsFromIssuanceOfCommonStock,,,,,796000.000,,,,0.000,,,,7000.000,
ProceedsFromIssuanceOfLongTermDebt,494769000.000,,,,,,,,,,,,,
ProceedsFromRepaymentsOfRestrictedCashFinancingActivities,,,,,,,,,839000.000,,,,0.000,
ProceedsFromSaleOfProductiveAssets,,,,,,,,,9020000.000,,,,62887000.000,
ProfitLoss,41502000.000,84281000.000,38821000.000,40851000.000,-9588000.000,8944000.000,8128000.000,-111606000.000,13681000.000,24737000.000,5183000.000,33815000.000,14624000.000,164500000.000
ProvisionForLeaseLosses,786000.000,,,,,,,,,,,,,
ProvisionForLoanLeaseAndOtherLosses,786000.000,619000.000,447000.000,480000.000,698000.000,883000.000,238000.000,203000.000,732000.000,1763000.000,306000.000,1707000.000,1581000.000,1903000.000
RealEstateTaxExpense,19947000.000,18752000.000,20430000.000,18458000.000,30565000.000,27777000.000,26180000.000,25202000.000,24491000.000,26397000.000,26296000.000,25454000.000,26007000.000,23253000.000
RepaymentsOfLinesOfCredit,,,,,155000000.000,,,,,,,,,
RepaymentsOfLongTermDebt,141185000.000,,,,286241000.000,,,,18658000.000,,,,104623000.000,
RestructuringCharges,,,,,,,,,,29900000.000,,,,
Revenues,157969000.000,158175000.000,167684000.000,177298000.000,237722000.000,237586000.000,216971000.000,229377000.000,210031000.000,205738000.000,209922000.000,217784000.000,202394000.000,189171000.000
SalesRevenueNet,155915000.000,156687000.000,166448000.000,174233000.000,235194000.000,233348000.000,210876000.000,222847000.000,204518000.000,202578000.000,205236000.000,209841000.000,196738000.000,182853000.000
SeveranceCosts1,,,,,,4200000.000,1700000.000,,,,,,,
ShareBasedCompensationArrangementByShareBasedPaymentAwardOptionsForfeituresAndExpirationsInPeriod,,,,,146621.000,,,,1000.000,,,,,
StockIssuedDuringPeriodSharesStockOptionsExercised,,,,,98900.000,,,,,,,,,
StockIssuedDuringPeriodValueAcquisitions,,,,,884480000.000,,,,,,,,,
StockIssuedDuringPeriodValueStockOptionsExercised,,,,,1249000.000,,,,,,,,7000.000,
StraightLineRent,176000.000,,,,,,,,,,,,,
TenantReimbursements,47168000.000,47179000.000,50814000.000,49665000.000,69227000.000,67423000.000,62182000.000,60888000.000,57956000.000,59410000.000,60006000.000,59138000.000,56790000.000,52121000.000
WeightedAverageLimitedPartnershipAndGeneralPartnershipUnitsOutstandingBasic,,,,,,,,,219612376.000,,,,,
WeightedAverageLimitedPartnershipUnitsOutstandingDiluted,,,,,,34396029.000,34396029.000,,34304835.000,34304679.000,34304444.000,-68609849.000,34986704.000,34894953.000
WeightedAverageNumberOfDilutedSharesOutstanding,,155162597.000,155162597.000,,213975477.000,220251513.000,220204420.000,-436023044.000,220269951.000,220474774.000,220834036.000,-440837265.000,221790506.000,222263600.000
WeightedAverageNumberOfSharesOutstandingBasic,,155162597.000,155162597.000,,179575102.000,184250542.000,184263963.000,-363985045.000,185307541.000,185313533.000,185633393.000,-370620885.000,186278173.000,186844293.000
