,2014-06-30,2014-09-30,2015-03-31,2015-06-30,2015-09-30,2015-12-31,2016-03-31,2016-06-30,2016-09-30,2016-12-31,2017-03-31,2017-06-30
AmortizationOfFinancingCosts,,,1000000.000,,,,,,,,,
CapitalExpendituresIncurredButNotYetPaid,,,4000000.000,,,,3000000.000,,,,3000000.000,
CashAndCashEquivalentsPeriodIncreaseDecrease,,,-46000000.000,,,,-30000000.000,,,,-65000000.000,
ComprehensiveIncomeNetOfTax,21487000.000,2000000.000,-1000000.000,7000000.000,-3000000.000,4000000.000,6000000.000,8000000.000,28000000.000,43000000.000,13000000.000,14000000.000
ComprehensiveIncomeNetOfTaxAttributableToNoncontrollingInterest,,14000000.000,-7000000.000,27000000.000,-1000000.000,5000000.000,-13000000.000,23000000.000,100000000.000,162000000.000,32000000.000,40000000.000
ComprehensiveIncomeNetOfTaxIncludingPortionAttributableToNoncontrollingInterest,,16000000.000,-8000000.000,34000000.000,-4000000.000,9000000.000,-7000000.000,31000000.000,128000000.000,205000000.000,45000000.000,54000000.000
CostOfTransmission,540000.000,1000000.000,1000000.000,1000000.000,1000000.000,,,,,,,
DeferredIncomeTaxExpenseBenefit,,,1000000.000,,,,-5000000.000,,,,7000000.000,
DistributionMadeToLimitedPartnerDistributionsPaidPerUnit,,,,,,,0.307,0.319,0.330,,0.352,0.365
EarningsPerShareBasicAndDiluted,,0.170,0.080,0.160,0.050,0.170,0.140,0.190,0.620,0.930,0.220,0.240
EffectOfExchangeRateOnCashAndCashEquivalents,,,-1000000.000,,,,2000000.000,,,,1000000.000,
EffectiveIncomeTaxRateContinuingOperations,0.175,0.080,0.100,0.180,0.180,-0.250,0.180,-0.470,0.160,0.270,0.160,0.150
EffectiveIncomeTaxRateReconciliationAtFederalStatutoryIncomeTaxRate,0.350,0.350,,,,,,,,,,
EquityMethodInvestmentSummarizedFinancialInformationIncomeLossFromContinuingOperationsBeforeExtraordinaryItems,,,,,,,1000000.000,6000000.000,,,,
EquityMethodInvestmentSummarizedFinancialInformationNetIncomeLoss,,,,,,,-26000000.000,-12000000.000,,,,
EquityMethodInvestmentSummarizedFinancialInformationRevenue,,,,,,,6000000.000,12000000.000,,,,
GainLossRelatedToLitigationSettlement,0.000,0.000,,,,,,,,,,
IncomeLossFromContinuingOperationsBeforeIncomeTaxesExtraordinaryItemsNoncontrollingInterest,26860000.000,26000000.000,10000000.000,28000000.000,17000000.000,46000000.000,-17000000.000,19000000.000,152000000.000,247000000.000,50000000.000,59000000.000
IncomeLossFromEquityMethodInvestments,,,,0.000,0.000,,-13000000.000,-7000000.000,0.000,40000000.000,1000000.000,7000000.000
IncomeTaxExpenseBenefit,4691000.000,2000000.000,1000000.000,5000000.000,3000000.000,12000000.000,-3000000.000,-9000000.000,25000000.000,43000000.000,8000000.000,9000000.000
IncomeTaxReconciliationChangeInDeferredTaxAssetsValuationAllowance,400000.000,0.000,,,,,,,,,,
IncomeTaxReconciliationIncomeTaxExpenseBenefitAtFederalStatutoryIncomeTaxRate,9400000.000,9000000.000,,,,,,,,,,
IncomeTaxReconciliationMinorityInterestIncomeExpense,,7000000.000,,,,,,,,,,
IncomeTaxReconciliationOtherAdjustments,100000.000,,,,,,,,,,,
IncomeTaxReconciliationStateAndLocalIncomeTaxes,400000.000,0.000,,,,,,,,,,
IncomeTaxReconciliationTaxSettlements,,,,,,,,12000000.000,,,,
IncreaseDecreaseInAccountsPayableAndAccruedLiabilities,,,-2000000.000,,,,-2000000.000,,,,-2000000.000,
IncreaseDecreaseInAccountsReceivable,,,6000000.000,,,,12000000.000,,,,9000000.000,
IncreaseDecreaseInDueToRelatedPartiesCurrent,,,3000000.000,,,,0.000,,,,-2000000.000,
IncreaseDecreaseInOtherCurrentAssets,,,,,,,,,,,3000000.000,
IncreaseDecreaseInOtherCurrentLiabilities,,,-12000000.000,,,,-19000000.000,,,,-23000000.000,
IncreaseDecreaseInOtherNoncurrentAssets,,,,,,,,,,,7000000.000,
IncreaseDecreaseInOtherNoncurrentLiabilities,,,-2000000.000,,,,,,,,9000000.000,
IncreaseDecreaseInPrepaidDeferredExpenseAndOtherAssets,,,-1000000.000,,,,-3000000.000,,,,,
IncreaseDecreaseInRestrictedCash,,,-56000000.000,,,,35000000.000,,,,0.000,
InterestExpense,23619000.000,26000000.000,23000000.000,26000000.000,28000000.000,40000000.000,86000000.000,77000000.000,41000000.000,-57000000.000,43000000.000,61000000.000
InterestPaidNet,,,32000000.000,,,,48000000.000,,,,,
LeaseAndRentalExpense,2900000.000,3000000.000,3000000.000,3000000.000,4000000.000,7000000.000,5000000.000,5000000.000,4000000.000,7000000.000,6000000.000,6000000.000
LimitedPartnersCapitalAccountDistributionAmount,,,,,,,9000000.000,,,,19000000.000,
MinorityInterestDecreaseFromDistributionsToNoncontrollingInterestHolders,,,14000000.000,,,,,,,,,
MinorityInterestDecreaseFromRedemptions,,,,,,,325000000.000,,,,,
NetCashProvidedByUsedInFinancingActivities,,,59000000.000,,,,308000000.000,,,,-61000000.000,
NetCashProvidedByUsedInFinancingActivitiesContinuingOperations,,,59000000.000,,,,308000000.000,,,,-61000000.000,
NetCashProvidedByUsedInInvestingActivities,,,-119000000.000,,,,-389000000.000,,,,-40000000.000,
NetCashProvidedByUsedInInvestingActivitiesContinuingOperations,,,-119000000.000,,,,-389000000.000,,,,-40000000.000,
NetCashProvidedByUsedInOperatingActivities,,,15000000.000,,,,49000000.000,,,,35000000.000,
NetCashProvidedByUsedInOperatingActivitiesContinuingOperations,,,15000000.000,,,,49000000.000,,,,35000000.000,
NetIncomeLoss,22169000.000,3000000.000,2000000.000,4000000.000,1000000.000,3000000.000,5000000.000,8000000.000,27000000.000,42000000.000,12000000.000,13000000.000
NetIncomeLossAttributableToNoncontrollingInterest,,21000000.000,7000000.000,19000000.000,13000000.000,31000000.000,-19000000.000,20000000.000,100000000.000,162000000.000,30000000.000,37000000.000
NonoperatingIncomeExpense,-23551000.000,-26000000.000,-21000000.000,-22000000.000,-29000000.000,-42000000.000,-90000000.000,-56000000.000,73000000.000,184000000.000,-23000000.000,-29000000.000
OperatingExpenses,36313000.000,37000000.000,43000000.000,57000000.000,57000000.000,99000000.000,92000000.000,96000000.000,107000000.000,130000000.000,102000000.000,116000000.000
OperatingIncomeLoss,50411000.000,52000000.000,31000000.000,50000000.000,46000000.000,88000000.000,73000000.000,75000000.000,79000000.000,63000000.000,73000000.000,88000000.000
OtherComprehensiveIncomeForeignCurrencyTransactionAndTranslationAdjustmentNetOfTaxPortionAttributableToParent,3893000.000,,,,,,,,,,,
OtherComprehensiveIncomeLossBeforeReclassificationsNetOfTax,-1300000.000,-9000000.000,-18000000.000,9000000.000,-19000000.000,-26000000.000,6000000.000,1000000.000,-1000000.000,-3000000.000,,3000000.000
OtherComprehensiveIncomeLossForeignCurrencyTransactionAndTranslationAdjustmentNetOfTax,,-7000000.000,-10000000.000,0.000,-8000000.000,-24000000.000,6000000.000,1000000.000,-1000000.000,-3000000.000,0.000,3000000.000
OtherComprehensiveIncomeLossForeignCurrencyTranslationAdjustmentTax,,-1000000.000,-1000000.000,-1000000.000,-1000000.000,1000000.000,1000000.000,1000000.000,-1000000.000,0.000,0.000,0.000
OtherComprehensiveIncomeLossNetOfTax,-700000.000,-8000000.000,-17000000.000,11000000.000,-18000000.000,-25000000.000,7000000.000,3000000.000,1000000.000,1000000.000,3000000.000,4000000.000
OtherComprehensiveIncomeLossNetOfTaxPortionAttributableToNoncontrollingInterest,,,7000000.000,,,,,,,,,
OtherComprehensiveIncomeLossNetOfTaxPortionAttributableToParent,-682000.000,,,,,,,,,,,
OtherComprehensiveIncomeLossReclassificationAdjustmentFromAOCIOnDerivativesNetOfTax,-577000.000,-1000000.000,-1000000.000,-2000000.000,-1000000.000,-1000000.000,-1000000.000,-2000000.000,-2000000.000,-2000000.000,-2000000.000,-1000000.000
OtherComprehensiveIncomeLossReclassificationAdjustmentFromAOCIOnDerivativesTax,-372.000,0.000,-1000000.000,-1000000.000,-1000000.000,4000000.000,-1000000.000,1000000.000,-1000000.000,2000000.000,0.000,1000000.000
OtherComprehensiveIncomeUnrealizedGainLossOnDerivativesArisingDuringPeriodNetOfTax,-5152000.000,-2000000.000,-8000000.000,9000000.000,-11000000.000,-2000000.000,0.000,0.000,0.000,0.000,,
OtherComprehensiveIncomeUnrealizedGainLossOnDerivativesArisingDuringPeriodTax,-2436.000,-1000000.000,2000000.000,2000000.000,-1000000.000,0.000,0.000,-1000000.000,3000000.000,-2000000.000,,
OtherNoncashIncomeExpense,,,,,,,,,,,-3000000.000,
OtherNonoperatingIncomeExpense,68000.000,,1000000.000,-1000000.000,-4000000.000,-6000000.000,-3000000.000,16000000.000,0.000,-15000000.000,0.000,-1000000.000
PartnersCapitalAccountContributions,,,,,,,54000000.000,,,,,
PaymentsOfCapitalDistribution,,,18000000.000,,,,45000000.000,,,,56000000.000,
PaymentsOfFinancingCosts,,,2000000.000,,,,0.000,,,,,
PaymentsToAcquireAdditionalInterestInSubsidiaries,,,,,,,325000000.000,,,,0.000,
PaymentsToAcquireProjects,,,292000000.000,,,,,,,,,
PaymentsToAcquirePropertyPlantAndEquipment,,,42000000.000,,,,12000000.000,,,,8000000.000,
ProceedsFromIssuanceOfCommonStock,,,,,,,292000000.000,,,,0.000,
ProceedsFromIssuanceOfLongTermDebt,,,122000000.000,,,,116000000.000,,,,210000000.000,
ProceedsFromPartnershipContribution,,,15000000.000,,,,1000000.000,,,,0.000,
ProceedsFromPaymentsForLongTermLoansForRelatedParties,,,,,,,-17000000.000,,,,-32000000.000,
ProceedsFromRelatedPartyDebt,,,159000000.000,,,,,,,,,
ProceedsFromRepaymentsOfRelatedPartyDebt,,,,,,,1000000.000,,,,-1000000.000,
ProceedsFromSaleOfInterestInPartnershipUnit,,,,,,,11000000.000,,,,12000000.000,
ProfitLoss,,24000000.000,9000000.000,23000000.000,14000000.000,34000000.000,-14000000.000,28000000.000,127000000.000,204000000.000,42000000.000,50000000.000
ReclassificationFromAccumulatedOtherComprehensiveIncomeCurrentPeriodNetOfTax,-600000.000,-1000000.000,-1000000.000,-2000000.000,-1000000.000,-1000000.000,-1000000.000,-2000000.000,-2000000.000,-2000000.000,-2000000.000,-1000000.000
RepaymentsOfOtherLongTermDebt,,,35000000.000,,,,65000000.000,,,,37000000.000,
RepaymentsOfRelatedPartyDebt,,,22000000.000,,,,,,,,,
RevenueFromRelatedParties,,,,,,,,,,,5000000.000,1000000.000
RevenueOilAndGasServices,,,,,,,,,,,49000000.000,45000000.000
Revenues,86724000.000,89000000.000,74000000.000,107000000.000,103000000.000,187000000.000,165000000.000,171000000.000,186000000.000,193000000.000,175000000.000,204000000.000
SalesRevenueGoodsNet,,,,,,,,,,,126000000.000,159000000.000
SalesRevenueNet,86724000.000,89000000.000,74000000.000,107000000.000,103000000.000,187000000.000,165000000.000,171000000.000,186000000.000,193000000.000,175000000.000,204000000.000
StockIssuedDuringPeriodValueNewIssues,,,,,,,292000000.000,,,,,
UnrealizedGainLossOnDerivativesAndCommodityContracts,,,,,,,-47000000.000,,,,-2000000.000,
UtilitiesOperatingExpenseDepreciationAndAmortization,18761000.000,20000000.000,23000000.000,30000000.000,31000000.000,57000000.000,46000000.000,46000000.000,51000000.000,62000000.000,46000000.000,50000000.000
UtilitiesOperatingExpenseMaintenanceAndOperations,15485000.000,14000000.000,16000000.000,23000000.000,22000000.000,22000000.000,31000000.000,31000000.000,34000000.000,106000000.000,52000000.000,61000000.000
UtilitiesOperatingExpenseTaxes,1527000.000,2000000.000,3000000.000,3000000.000,3000000.000,7000000.000,4000000.000,5000000.000,5000000.000,4000000.000,4000000.000,5000000.000
WeightedAverageNumberOfShareOutstandingBasicAndDiluted,,18700000.000,18700000.000,20100000.000,22600000.000,-38600000.000,34500000.000,42100000.000,44300000.000,-77100000.000,54200000.000,54300000.000
