,2015-03-31,2015-06-30,2015-09-30,2015-12-31,2016-03-31,2016-06-30,2016-09-30,2016-12-31,2017-03-31
AdjustmentForAmortization,,,,,11000.000,,,,276000.000
AllocatedShareBasedCompensationExpense,,,,,27000.000,,,,57000.000
AmortizationOfFinancingCostsAndDiscounts,,100000.000,100000.000,,,,,,
AssetManagementCosts,,204000.000,300000.000,,771000.000,,,,
BusinessAcquisitionsProFormaNetIncomeLoss,,1576000.000,40000.000,,538000.000,3082000.000,2919000.000,1355000.000,
BusinessAcquisitionsProFormaRevenue,,19740000.000,12978000.000,,31696000.000,40607000.000,59960000.000,181463000.000,
BusinessCombinationAcquisitionRelatedCosts,167642.000,7693000.000,323000.000,4949358.000,4866000.000,2672000.000,11399000.000,7898000.000,0.000
CashAndCashEquivalentsPeriodIncreaseDecrease,300015.000,,,,68534000.000,,,,117166000.000
ComprehensiveIncomeNetOfTax,,-6377000.000,-1000.000,,-4888000.000,-154000.000,-6729000.000,-8266000.000,1209000.000
ComprehensiveIncomeNetOfTaxAttributableToNoncontrollingInterest,,1197000.000,11000.000,,1653000.000,1531000.000,-30000.000,422000.000,2763000.000
ComprehensiveIncomeNetOfTaxIncludingPortionAttributableToNoncontrollingInterest,,-5180000.000,10000.000,,-3235000.000,1377000.000,-6759000.000,-7844000.000,3972000.000
CostOfPropertyRepairsAndMaintenance,,683000.000,674000.000,,951000.000,1010000.000,1678000.000,1977000.000,2595000.000
CostOfUtilities,,643000.000,775000.000,,910000.000,990000.000,1656000.000,1697000.000,1847000.000
CurrentIncomeTaxExpenseBenefit,,,,,,,1400000.000,,900000.000
DecreaseInRestrictedCash,,,,,7407000.000,,,,14362000.000
DeferredOtherTaxExpenseBenefit,,,,,,,-100000.000,,200000.000
DepreciationAmortizationAndAccretionNet,,,,,3815000.000,,,,9780000.000
DepreciationAndAmortization,,1638000.000,1852000.000,,3815000.000,4142000.000,6824000.000,8194000.000,9780000.000
DerivativeInstrumentsGainLossReclassificationFromAccumulatedOCIToIncomeEstimatedNetAmountToBeTransferred,,,,,700000.000,,,,100000.000
DerivativeInstrumentsGainLossRecognizedInIncomeIneffectivePortionAndAmountExcludedFromEffectivenessTestingNet,,100000.000,,,,,,,
DerivativeInstrumentsGainLossRecognizedInOtherComprehensiveIncomeEffectivePortionNet,,100000.000,-100000.000,,-1300000.000,,,,
DirectCostsOfHotels,,14212000.000,12416000.000,,23962000.000,26846000.000,41759000.000,48104000.000,65801000.000
DistributionAndServicingFees,,,,,,,,,1000000.000
Dividends,,,,,3908000.000,,,,8446000.000
EquityMethodInvestmentOtherThanTemporaryImpairment,,,,,,0.000,0.000,,0.000
FoodAndBeverageCostOfSales,,4077000.000,2724000.000,,5833000.000,6151000.000,8893000.000,10099000.000,16336000.000
FoodAndBeverageRevenue,,6634000.000,3531000.000,,9960000.000,10391000.000,13219000.000,15514000.000,24752000.000
FranchiseCosts,,,,,,,,,1400000.000
IncomeLossFromContinuingOperationsBeforeIncomeTaxesExtraordinaryItemsNoncontrollingInterest,,-5044000.000,-1482000.000,,-2016000.000,2701000.000,-6044000.000,-9380000.000,4502000.000
IncomeLossFromEquityMethodInvestments,,330000.000,782000.000,,798000.000,817000.000,709000.000,739000.000,744000.000
IncomeLossFromEquityMethodInvestmentsNetOfDividendsOrDistributions,,,,,401000.000,,,,19000.000
IncomeTaxExpenseBenefit,,99000.000,-1550000.000,,30000.000,717000.000,1403000.000,561000.000,703000.000
IncreaseDecreaseInAccruedLiabilities,,,,,,,,,2600000.000
IncreaseDecreaseInDueToRelatedParties,1932610.000,,,,121000.000,,,,-7478000.000
IncreaseDecreaseInOtherAccountsPayableAndAccruedLiabilities,241370.000,,,,,,,,
IncreaseDecreaseInOtherOperatingAssets,1745616.000,,,,,,,,
IncreaseDecreaseInOtherOperatingCapitalNet,,,,,193000.000,,,,6714000.000
IncreaseInRestrictedCash,,,,,23473000.000,,,,13845000.000
InterestCostsCapitalized,,,,,100000.000,100000.000,400000.000,200000.000,300000.000
InterestExpense,,1165000.000,1353000.000,,2916000.000,3297000.000,5255000.000,6137000.000,7809000.000
InterestExpenseRelatedParty,,259000.000,281000.000,,18000.000,,,,
InterestIncomeOther,15.000,,,,,,,,
ManagementFeeExpense,,,,,,,,,2872000.000
MinorityInterestDecreaseFromDistributionsToNoncontrollingInterestHolders,,,,,529000.000,,,,3359000.000
MinorityInterestDecreaseFromRedemptions,,,,,,,,,3524000.000
NetCashProvidedByUsedInFinancingActivities,300000.000,,,,261622000.000,,,,118010000.000
NetCashProvidedByUsedInFinancingActivitiesContinuingOperations,300000.000,,,,261622000.000,,,,118010000.000
NetCashProvidedByUsedInInvestingActivities,,,,,-195568000.000,,,,-5178000.000
NetCashProvidedByUsedInInvestingActivitiesContinuingOperations,,,,,-195568000.000,,,,-5178000.000
NetCashProvidedByUsedInOperatingActivities,15.000,,,,2480000.000,,,,4334000.000
NetCashProvidedByUsedInOperatingActivitiesContinuingOperations,15.000,,,,2480000.000,,,,4334000.000
NetIncomeLoss,,-6340000.000,49000.000,,-3701000.000,452000.000,-7416000.000,-10362000.000,1038000.000
NetIncomeLossAttributableToNoncontrollingInterest,,1197000.000,19000.000,,1655000.000,1532000.000,-31000.000,421000.000,2761000.000
NoncontrollingInterestIncreaseFromSubsidiaryEquityIssuance,,,,,4000000.000,,,,
NoninterestExpenseOfferingCost,,502000.000,3027000.000,,1037000.000,870000.000,554000.000,498000.000,589000.000
NonoperatingIncomeExpense,,-863000.000,-568000.000,,-2109000.000,-2467000.000,-4540000.000,-5391000.000,-7046000.000
OccupancyCosts,,1808000.000,1742000.000,,3431000.000,3954000.000,7585000.000,8015000.000,12115000.000
OccupancyRevenue,,9649000.000,7613000.000,,18141000.000,23561000.000,37844000.000,36372000.000,51906000.000
OperatingExpenses,428364.000,8502000.000,1476000.000,6180636.000,6797000.000,4947000.000,14108000.000,11309000.000,3476000.000
OperatingIncomeLoss,,-4181000.000,-914000.000,,93000.000,5168000.000,-1504000.000,-3989000.000,11548000.000
OtherComprehensiveIncomeDerivativesQualifyingAsHedgesNetOfTaxPortionAttributableToNoncontrollingInterest,,,-8000.000,,-2000.000,-1000.000,1000.000,1000.000,2000.000
OtherComprehensiveIncomeLossBeforeReclassificationsNetOfTax,,-37000.000,-58000.000,,-1344000.000,,,,
OtherComprehensiveIncomeUnrealizedGainLossOnDerivativesArisingDuringPeriodNetOfTax,,,,,-1189000.000,-607000.000,688000.000,2097000.000,173000.000
OtherDirectCostsOfHotels,,1129000.000,871000.000,,1247000.000,1476000.000,1202000.000,1357000.000,1508000.000
OtherHotelOperatingRevenue,,2250000.000,1834000.000,,2751000.000,3009000.000,3300000.000,3538000.000,4167000.000
OtherNonoperatingIncomeExpense,,-28000.000,3000.000,,9000.000,13000.000,6000.000,7000.000,19000.000
PaymentsForRepurchaseOfCommonStock,,,,,,,,,1000.000
PaymentsOfDividendsCommonStock,,,,,1846000.000,,,,7192000.000
PaymentsOfDividendsMinorityInterest,,,,,529000.000,,,,3359000.000
PaymentsOfFinancingCosts,,,,,1064000.000,,,,183000.000
PaymentsToAcquireBusinessesGross,,,,,179921000.000,,,,0.000
PaymentsToDevelopRealEstateAssets,,,,,5122000.000,,,,5695000.000
PaymentsToMinorityShareholders,,,,,,,,,3524000.000
ProceedsFromEquityMethodInvestmentDividendsOrDistributionsReturnOfCapital,,,,,,0.000,,,
ProceedsFromIssuanceOfCommonStock,,,,,149761000.000,,,,197759000.000
ProceedsFromIssuanceOfSecuredDebt,,,,,111300000.000,,,,143000000.000
ProceedsFromMinorityShareholders,300000.000,,,,4000000.000,,,,0.000
ProceedsFromRelatedPartyDebt,,,,,20000000.000,,,,0.000
ProfitLoss,-428349.000,-5143000.000,68000.000,-6559651.000,-2046000.000,1984000.000,-7447000.000,-9941000.000,3799000.000
RealEstateTaxesAndInsurance,,818000.000,819000.000,,1521000.000,1615000.000,2464000.000,3883000.000,4753000.000
ReclassificationFromAccumulatedOtherComprehensiveIncomeCurrentPeriodNetOfTax,,,,,-155000.000,,,,
RepaymentsOfRelatedPartyDebt,,,,,20000000.000,,,,210000000.000
Revenues,,18533000.000,12978000.000,,30852000.000,36961000.000,54363000.000,55424000.000,80825000.000
SalesRevenueNet,,18533000.000,12978000.000,,30852000.000,36961000.000,54363000.000,55424000.000,80825000.000
SellingAndMarketingExpense,,1444000.000,1166000.000,,2700000.000,3301000.000,5367000.000,5564000.000,6873000.000
ServiceManagementCosts,,700000.000,619000.000,,1092000.000,1575000.000,1749000.000,2347000.000,
ShareBasedCompensation,,,,,,200000.000,100000.000,,
StockIssuedDuringPeriodValueNewIssues,,,,,141801000.000,,,,189340000.000
StockIssuedDuringPeriodValueOther,,,,,672000.000,,,,1717000.000
StockIssuedDuringPeriodValueShareBasedCompensationGross,,,,,27000.000,,,,57000.000
StockRepurchasedDuringPeriodValue,,,,,34000.000,,,,1000.000
