,2014-09-30,2015-03-31,2015-06-30,2015-09-30,2015-12-31,2016-03-31,2016-06-30,2016-09-30,2016-12-31,2017-03-31
AdjustmentsToAdditionalPaidInCapitalShareBasedCompensationStockOptionsRequisiteServicePeriodRecognition,,17000.000,,,,5000.000,,,,
AllowanceForDoubtfulAccountsReceivableRecoveries,,306000.000,,,,281000.000,,,,502000.000
AmortizationOfBelowMarketLease,,,,36000.000,,36000.000,35000.000,38000.000,,37000.000
AmortizationOfDebtDiscountPremium,,230000.000,,,,-146000.000,,,,-144000.000
AmortizationOfFinancingCosts,,2198000.000,,,,2428000.000,,,,2465000.000
AmortizationOfIntangibleAssets,16312000.000,16790000.000,22419000.000,20792000.000,27550000.000,24949000.000,31864000.000,20911000.000,14450000.000,14295000.000
AntidilutiveSecuritiesExcludedFromComputationOfEarningsPerShareAmount,,5500000.000,,,,,,,,
BusinessAcquisitionsProFormaRevenue,69809000.000,88436000.000,92074000.000,113909000.000,,117945000.000,118541000.000,,,
BusinessCombinationAcquisitionRelatedCosts,3993000.000,3918000.000,5199000.000,2373000.000,1954000.000,754000.000,652000.000,364000.000,2172000.000,348000.000
BusinessCombinationProvisionalInformationInitialAccountingIncompleteAdjustmentFinancialAssets,,320000.000,,,,,,,,
BusinessCombinationProvisionalInformationInitialAccountingIncompleteAdjustmentFinancialLiabilities,74000.000,,,,,,,,,
BusinessCombinationProvisionalInformationInitialAccountingIncompleteAdjustmentIntangibles,18583000.000,-12000.000,,,,,,,,
BusinessCombinationProvisionalInformationInitialAccountingIncompleteAdjustmentPropertyPlantAndEquipment,-18657000.000,-308000.000,,,,,,,,
CashAndCashEquivalentsPeriodIncreaseDecrease,,-119287000.000,,,,-37016000.000,,,,-7710000.000
CommonStockDividendsPerShareCashPaid,,,0.230,,,,,,,
CommonStockDividendsPerShareDeclared,,0.000,0.490,0.000,0.260,0.260,0.260,0.260,0.260,0.260
CostOfOtherPropertyOperatingExpense,28870000.000,34271000.000,42824000.000,51760000.000,60688000.000,60625000.000,60606000.000,61354000.000,60442000.000,59584000.000
CurrentFederalTaxExpenseBenefit,-33000.000,0.000,0.000,0.000,26000.000,0.000,0.000,95000.000,-79000.000,0.000
CurrentIncomeTaxExpenseBenefit,205000.000,36000.000,68000.000,83000.000,-77000.000,75000.000,46000.000,196000.000,25000.000,71000.000
CurrentStateAndLocalTaxExpenseBenefit,238000.000,36000.000,68000.000,83000.000,-103000.000,75000.000,46000.000,101000.000,104000.000,71000.000
DeferredFederalIncomeTaxExpenseBenefit,130000.000,-157000.000,48000.000,-427000.000,-3040000.000,-279000.000,-519000.000,529000.000,358000.000,95000.000
DeferredIncomeTaxExpenseBenefit,145000.000,-131000.000,61000.000,-461000.000,-3234000.000,-301000.000,-571000.000,586000.000,383000.000,135000.000
DeferredStateAndLocalIncomeTaxExpenseBenefit,15000.000,26000.000,13000.000,-34000.000,-194000.000,-22000.000,-52000.000,57000.000,25000.000,40000.000
Depreciation,12358000.000,13403000.000,17155000.000,20020000.000,22189000.000,22418000.000,22002000.000,24599000.000,23353000.000,23223000.000
DepreciationAndAmortization,,30193000.000,,,,47403000.000,,,,37555000.000
DepreciationDepletionAndAmortization,28670000.000,30157000.000,39574000.000,40812000.000,49775000.000,47367000.000,53866000.000,45510000.000,37803000.000,37518000.000
DividendsCommonStockCash,,,15276000.000,,,21356000.000,,,,21357000.000
EarningsPerShareBasicAndDiluted,-0.170,-0.320,-0.320,-0.210,-0.230,-0.260,-0.330,-0.250,-0.040,-0.120
GainLossOnDispositionOfAssets,,,-32000.000,,,,,,,
GainLossOnSaleOfProperties,,,,,,,,,,4199000.000
GainsLossesOnExtinguishmentOfDebt,,-5091000.000,0.000,0.000,0.000,0.000,0.000,0.000,-245000.000,-375000.000
GainsLossesOnSalesOfInvestmentRealEstate,,,,,,,,,,4199000.000
GeneralAndAdministrativeExpense,1398000.000,3409000.000,4129000.000,3152000.000,4543000.000,4370000.000,3554000.000,3676000.000,3594000.000,4011000.000
IncomeLossFromContinuingOperationsBeforeIncomeTaxesMinorityInterestAndIncomeLossFromEquityMethodInvestments,-10801000.000,-21348000.000,-21061000.000,-18337000.000,-25334000.000,-22074000.000,-27883000.000,-19459000.000,-2394000.000,-9689000.000
IncomeTaxExpenseBenefit,350000.000,-95000.000,129000.000,-378000.000,-3311000.000,-226000.000,-525000.000,782000.000,408000.000,206000.000
IncomeTaxesPaid,,0.000,,,,0.000,,,,
IncreaseDecreaseInAccountsPayableAndAccruedLiabilities,,2985000.000,,,,-193000.000,,,,185000.000
IncreaseDecreaseInAccountsReceivableAndOtherOperatingAssets,,3244000.000,,,,-317000.000,,,,-179000.000
IncreaseDecreaseInDueToAffiliates,,3042000.000,,,,949000.000,,,,-549000.000
InterestExpense,14130000.000,15312000.000,16984000.000,20051000.000,22674000.000,22788000.000,22805000.000,23065000.000,23122000.000,23066000.000
InterestPaidNet,,13565000.000,,,,20365000.000,,,,20679000.000
LaborAndRelatedExpense,14940000.000,,,,,25993000.000,25851000.000,26418000.000,25918000.000,24891000.000
ManagementFeesIncentiveRevenue,,,,,,,,,,0.000
NetCashProvidedByUsedInFinancingActivities,,368519000.000,,,,-56151000.000,,,,-41165000.000
NetCashProvidedByUsedInFinancingActivitiesContinuingOperations,,368519000.000,,,,-56151000.000,,,,-41165000.000
NetCashProvidedByUsedInInvestingActivities,,-500803000.000,,,,-4565000.000,,,,11624000.000
NetCashProvidedByUsedInInvestingActivitiesContinuingOperations,,-500803000.000,,,,-4565000.000,,,,11624000.000
NetCashProvidedByUsedInOperatingActivities,,12997000.000,,,,23700000.000,,,,21831000.000
NetCashProvidedByUsedInOperatingActivitiesContinuingOperations,,12997000.000,,,,23700000.000,,,,21831000.000
NetIncomeLoss,-11151000.000,-21253000.000,-21190000.000,-17959000.000,-22023000.000,-21848000.000,-27358000.000,-20241000.000,-2802000.000,-9895000.000
OperatingExpenses,77946000.000,95208000.000,112261000.000,123322000.000,143767000.000,140019000.000,146424000.000,137916000.000,133245000.000,128861000.000
OperatingIncomeLoss,38275000.000,39589000.000,48376000.000,53225000.000,57745000.000,57320000.000,57935000.000,57103000.000,57053000.000,55389000.000
OperatingLeasesIncomeStatementLeaseRevenue,26672000.000,26672000.000,27730000.000,28259000.000,28493000.000,28239000.000,28244000.000,28240000.000,28243000.000,28247000.000
OtherCostAndExpenseOperating,,,,,,,,,,69277000.000
OtherDepreciationAndAmortization,,,,,,,,2163000.000,,
OtherGeneralExpense,,,480000.000,1089000.000,,187000.000,511000.000,108000.000,,135000.000
OtherNoncashExpense,,,,,,,,,,87000.000
OtherOperatingIncomeExpenseNet,1500000.000,,,,,,,,,
PaymentsForCapitalImprovements,,445000.000,,,,1182000.000,,,,1054000.000
PaymentsForDepositsOnRealEstateAcquisitions,,4955000.000,5900000.000,1400000.000,-11255000.000,,,,,
PaymentsForDerivativeInstrumentFinancingActivities,,989000.000,,,,0.000,,,,
PaymentsForProceedsFromDepositsOnRealEstateAcquisitions,,,,,,-584000.000,,,,0.000
PaymentsOfCapitalDistribution,,0.000,,,,,,,,
PaymentsOfDebtExtinguishmentCosts,,1499000.000,,,,0.000,,,,178000.000
PaymentsOfDividendsCommonStock,,15276000.000,,,,21356000.000,,,,21357000.000
PaymentsOfFinancingCosts,,7779000.000,,,,0.000,,,,
PaymentsToAcquireCommercialRealEstate,,492943000.000,,,,0.000,,,,
PaymentsToAcquirePropertyPlantAndEquipment,,2460000.000,,,,3967000.000,,,,4386000.000
ProceedsFromIssuanceOrSaleOfEquity,,0.000,,,,,,,,
ProceedsFromNotesPayable,,687722000.000,,,,0.000,,,,
ProceedsFromSaleOfRealEstateHeldforinvestment,,,,,,,,,,14956000.000
PropertyManagementFeeRevenue,2505000.000,,,,,4525000.000,5110000.000,5015000.000,5074000.000,4927000.000
ProvisionForDoubtfulAccounts,212000.000,467000.000,,,,523000.000,,,,645000.000
RepaymentsOfNotesPayable,,4176000.000,,,,3955000.000,,,,4900000.000
Revenues,67145000.000,73860000.000,91200000.000,104985000.000,118433000.000,117945000.000,118541000.000,118457000.000,117495000.000,114973000.000
SalesRevenueNet,67145000.000,73860000.000,91200000.000,104985000.000,118433000.000,117945000.000,118541000.000,118457000.000,117495000.000,114973000.000
ShareBasedCompensation,,,,,,,,,,139000.000
StockIssuedDuringPeriodSharesIssuedForServices,,,,,,,,,,13969.000
StockIssuedDuringPeriodValueIssuedForServices,,,,,,,,,,139000.000
StockOptionPlanExpense,,17000.000,,,,5000.000,,,,0.000
StockRepurchasedAndRetiredDuringPeriodShares,,,,,,3333333.000,,,,
StockRepurchasedAndRetiredDuringPeriodValue,,,,,,-30840000.000,,,,0.000
StraightLineRent,,6166000.000,,,,5553000.000,,,,4581000.000
TravelAndEntertainmentExpense,-82000.000,,,,,92000.000,92000.000,92000.000,90000.000,85000.000
TreasuryStockAcquiredAverageCostPerShare,,,,,,9.000,,,,
UnrealizedGainLossOnDerivatives,,,,,,-187000.000,,,,
WeightedAverageNumberOfShareOutstandingBasicAndDiluted,66399857.000,66415415.000,66857483.000,86533384.000,-143205121.000,83066599.000,82114218.000,82126397.000,-164949865.000,82140750.000
