,2015-03-31,2015-06-30,2015-09-30,2015-12-31,2016-03-31,2016-06-30,2016-09-30,2016-12-31,2017-03-31
AdjustmentsToAdditionalPaidInCapitalSharebasedCompensationRequisiteServicePeriodRecognitionValue,352000.000,,,,,,,,752000.000
AdjustmentsToAdditionalPaidInCapitalStockIssuedIssuanceCosts,-283000.000,,,,,,,,
AmortizationOfDebtDiscountPremium,59000.000,,,,72000.000,,,,86000.000
AmortizationOfFinancingCosts,371000.000,381000.000,392000.000,403000.000,395000.000,370000.000,380000.000,392000.000,526000.000
AmortizationOfIntangibleAssets,321000.000,,,,268000.000,,,,219000.000
CapitalExpendituresIncurredButNotYetPaid,36232000.000,,,,31824000.000,,,,28884000.000
CashAndCashEquivalentsPeriodIncreaseDecrease,15000.000,,,,1891000.000,,,,-117000.000
CostOfGoodsAndServicesSold,43468000.000,46589000.000,48177000.000,56375000.000,47014000.000,49198000.000,51442000.000,51196000.000,51163000.000
CostOfGoodsSold,4332000.000,4058000.000,3474000.000,11197000.000,3111000.000,2963000.000,4152000.000,4502000.000,4953000.000
CostOfServicesDepreciation,19514000.000,21213000.000,21553000.000,21663000.000,22165000.000,22761000.000,21912000.000,21882000.000,22150000.000
CurrentFederalTaxExpenseBenefit,0.000,0.000,0.000,0.000,,,,,
CurrentIncomeTaxExpenseBenefit,65000.000,68000.000,-527000.000,-34000.000,,,,,
CurrentStateAndLocalTaxExpenseBenefit,65000.000,68000.000,-527000.000,-34000.000,,,,,
DeferredFederalIncomeTaxExpenseBenefit,-115000.000,1371000.000,1265000.000,1380000.000,,,,,
DeferredIncomeTaxExpenseBenefit,180000.000,1032000.000,874000.000,1967000.000,-385000.000,,,,892000.000
DeferredStateAndLocalIncomeTaxExpenseBenefit,295000.000,-339000.000,-391000.000,587000.000,,,,,
Depreciation,21654000.000,,,,24638000.000,,,,24102000.000
DerivativeGainLossOnDerivativeNet,-888000.000,1007000.000,-4216000.000,1832000.000,-4654000.000,-1828000.000,1049000.000,4146000.000,375000.000
EffectiveIncomeTaxRateContinuingOperations,0.060,0.072,0.034,-0.083,,,,,0.127
EffectiveIncomeTaxRateReconciliationAtFederalStatutoryIncomeTaxRate,0.350,0.350,0.350,-0.700,,,,,
EffectiveIncomeTaxRateReconciliationChangeInEnactedTaxRate,0.005,0.000,0.000,,,,,,
EffectiveIncomeTaxRateReconciliationMinorityInterestIncomeExpense,0.206,-0.167,-0.206,0.360,,,,,
EffectiveIncomeTaxRateReconciliationOtherAdjustments,-0.014,0.001,-0.012,0.023,,,,,
EffectiveIncomeTaxRateReconciliationOtherReconcilingItemsPercent,,,,,,,,,0.019
EffectiveIncomeTaxRateReconciliationStateAndLocalIncomeTaxes,0.055,-0.012,-0.012,-0.025,,,,,
EffectiveIncomeTaxRateReconciliationTaxContingencies,0.003,0.000,-0.059,0.043,,,,,
GainLossOnSaleOfPropertyPlantEquipment,2455000.000,,,,1991000.000,,,,2242000.000
GainsLossesOnExtinguishmentOfDebt,,0.000,,,,,,,
GrossProfit,40618000.000,47638000.000,51247000.000,49749000.000,42570000.000,50462000.000,54025000.000,51077000.000,44714000.000
IncomeLossFromContinuingOperationsBeforeIncomeTaxesExtraordinaryItemsNoncontrollingInterest,3573000.000,15794000.000,9791000.000,14652000.000,-805000.000,11545000.000,15756000.000,19575000.000,7148000.000
IncomeLossFromSubsidiariesNetOfTax,0.000,0.000,0.000,0.000,0.000,0.000,0.000,0.000,0.000
IncomeTaxExpenseBenefit,245000.000,1100000.000,347000.000,1933000.000,-385000.000,1606000.000,2334000.000,3274000.000,911000.000
IncreaseDecreaseInAccountsPayable,1394000.000,,,,-1494000.000,,,,-66000.000
IncreaseDecreaseInAccountsReceivable,-13000000.000,,,,-11104000.000,,,,-5118000.000
IncreaseDecreaseInOtherOperatingAssets,2895000.000,,,,1948000.000,,,,1690000.000
IncreaseDecreaseInOtherOperatingLiabilities,-3438000.000,,,,-3207000.000,,,,-4552000.000
IncrementalCommonSharesAttributableToShareBasedPaymentArrangements,290000.000,,289000.000,,,,,,
InterestExpense,10514000.000,10753000.000,10907000.000,10851000.000,10649000.000,10476000.000,10620000.000,12099000.000,11173000.000
InterestPaid,10495000.000,,,,10951000.000,,,,10516000.000
NetCashProvidedByUsedInFinancingActivities,8517000.000,,,,4457000.000,,,,-14230000.000
NetCashProvidedByUsedInFinancingActivitiesContinuingOperations,8517000.000,,,,4457000.000,,,,-14230000.000
NetCashProvidedByUsedInInvestingActivities,-42446000.000,,,,-35981000.000,,,,-15049000.000
NetCashProvidedByUsedInInvestingActivitiesContinuingOperations,-42446000.000,,,,-35981000.000,,,,-15049000.000
NetCashProvidedByUsedInOperatingActivities,33944000.000,,,,33415000.000,,,,29162000.000
NetCashProvidedByUsedInOperatingActivitiesContinuingOperations,33944000.000,,,,33415000.000,,,,29162000.000
NetIncomeLoss,929000.000,7419000.000,3206000.000,4037000.000,-151000.000,2620000.000,2864000.000,5407000.000,1725000.000
NetIncomeLossAttributableToNoncontrollingInterest,2399000.000,7275000.000,6238000.000,8682000.000,-269000.000,7319000.000,10558000.000,10894000.000,4512000.000
NonoperatingIncomeExpense,-12294000.000,-6719000.000,-15926000.000,-9474000.000,-16112000.000,-12936000.000,-11174000.000,-5281000.000,-10853000.000
OperatingExpenses,24751000.000,25125000.000,25530000.000,25623000.000,27263000.000,25981000.000,27095000.000,26221000.000,26713000.000
OperatingIncomeLoss,15867000.000,22513000.000,25717000.000,24126000.000,15307000.000,24481000.000,26930000.000,24856000.000,18001000.000
OtherDepreciationAndAmortization,2461000.000,2657000.000,2678000.000,2702000.000,2741000.000,2594000.000,2158000.000,2179000.000,2171000.000
PaymentsForRepurchaseOfCommonStock,,,,,5276000.000,,,,0.000
PaymentsForRepurchaseOfOtherEquity,,,,,0.000,,,,
PaymentsOfDebtIssuanceCosts,0.000,,,,1418000.000,,,,0.000
PaymentsOfStockIssuanceCosts,283000.000,,,,0.000,,,,
PaymentsToAcquirePropertyPlantAndEquipment,3345000.000,,,,5018000.000,,,,1103000.000
ProceedsFromLongTermLinesOfCredit,44411000.000,,,,43900000.000,,,,34994000.000
ProceedsFromSaleOfPropertyPlantAndEquipment,6787000.000,,,,5102000.000,,,,7195000.000
ProfitLoss,3328000.000,14694000.000,9444000.000,12719000.000,-420000.000,9939000.000,13422000.000,16301000.000,6237000.000
ProvisionForDoubtfulAccounts,664000.000,,,,596000.000,,,,315000.000
RepaymentsOfLongTermLinesOfCredit,35611000.000,,,,29400000.000,,,,37394000.000
RepaymentsOfSubordinatedDebt,,,,,3349000.000,,,,11830000.000
Revenues,84086000.000,94227000.000,99424000.000,106124000.000,89584000.000,99660000.000,105467000.000,102273000.000,95877000.000
SalesRevenueGoodsNet,6787000.000,6174000.000,5559000.000,16252000.000,5102000.000,4941000.000,6264000.000,6996000.000,7195000.000
SalesRevenueNet,84086000.000,94227000.000,99424000.000,106124000.000,89584000.000,99660000.000,105467000.000,102273000.000,95877000.000
SellingGeneralAndAdministrativeExpense,22290000.000,22468000.000,22852000.000,22921000.000,24522000.000,23387000.000,24937000.000,24042000.000,24542000.000
ShareBasedCompensation,352000.000,,,,768000.000,,,,752000.000
ShareBasedCompensationArrangementByShareBasedPaymentAwardOptionsForfeituresInPeriod,0.000,,,,0.000,,,,0.000
ShareBasedCompensationArrangementByShareBasedPaymentAwardOptionsGrantsInPeriodGross,19000.000,,,,0.000,,,,0.000
SharebasedCompensationArrangementBySharebasedPaymentAwardOptionsVestedNumberOfShares,0.000,,,,72000.000,,,,246000.000
StockIssuedDuringPeriodSharesStockOptionsExercised,0.000,,,,0.000,,,,0.000
UnrealizedGainLossOnDerivativesAndCommodityContracts,,,,,-4605000.000,,,,590000.000
