,2015-03-31,2015-06-30,2015-09-30,2015-12-31,2016-03-31,2016-06-30,2016-09-30,2016-12-31,2017-03-31
AllocatedShareBasedCompensationExpense,,,200000.000,,,,,,
BusinessCombinationStepAcquisitionEquityInterestInAcquireeRemeasurementGain,,0.000,0.000,,,,,,
CashAndCashEquivalentsPeriodIncreaseDecrease,9000.000,,,,1565000.000,,,,-406000.000
CostOfGoodsAndServicesSold,19593000.000,17180000.000,18186000.000,20326000.000,13568000.000,15958000.000,18590000.000,23804000.000,12370000.000
CostsAndExpenses,88957000.000,76865000.000,85763000.000,87981000.000,84936000.000,87584000.000,88095000.000,90333000.000,81174000.000
DeferredIncomeTaxExpenseBenefit,,,,,,,,,2664000.000
DeferredOtherTaxExpenseBenefit,,,,,2791000.000,,,,2664000.000
DepreciationAndAmortization,20605000.000,20355000.000,20802000.000,21714000.000,21692000.000,21576000.000,20831000.000,20797000.000,21403000.000
DepreciationDepletionAndAmortization,21557000.000,,,,22958000.000,,,,23694000.000
DerivativeInstrumentsNotDesignatedAsHedgingInstrumentsGainLossNet,,,,,-8946000.000,18953000.000,-4419000.000,-6879000.000,1885000.000
DilutiveSecuritiesEffectOnBasicEarningsPerShareOther,,,2000.000,,0.000,1000.000,3000.000,5000.000,8000.000
DistributionMadeToLimitedPartnerCashDistributionsPaid,,,,,8256000.000,,,,16116000.000
EarningsPerShareBasic,,,0.090,,0.160,0.070,0.150,0.170,0.210
EarningsPerShareBasicAndDiluted,,0.050,,,,,,,
EarningsPerShareDiluted,,,0.090,,0.160,0.070,0.150,0.170,0.210
EquityMethodInvestmentDividendsOrDistributions,,,,,,,,,20740000.000
GainLossOnDispositionOfAssets1,-4483000.000,0.000,0.000,-312000.000,0.000,-1849000.000,0.000,0.000,1448000.000
GasGatheringTransportationMarketingAndProcessingCosts,10715000.000,13492000.000,14862000.000,14528000.000,16156000.000,14240000.000,13528000.000,14417000.000,13503000.000
GasGatheringTransportationMarketingAndProcessingRevenue,32148000.000,29041000.000,29431000.000,29275000.000,29280000.000,28682000.000,31444000.000,30556000.000,31685000.000
GeneralAndAdministrativeExpense,12689000.000,13701000.000,12321000.000,12768000.000,13537000.000,14458000.000,13715000.000,14119000.000,14217000.000
IncomeLossFromContinuingOperationsBeforeIncomeTaxesExtraordinaryItemsNoncontrollingInterest,22990000.000,52395000.000,47925000.000,57404000.000,43412000.000,91401000.000,60000000.000,65972000.000,69902000.000
IncomeLossFromEquityMethodInvestments,0.000,0.000,0.000,0.000,,23321000.000,12066000.000,,20738000.000
IncreaseDecreaseInAccountsPayableAndAccruedLiabilities,6546000.000,,,,-2247000.000,,,,-6055000.000
IncreaseDecreaseInAccountsReceivable,5678000.000,,,,-5806000.000,,,,-2449000.000
IncreaseDecreaseInDeferredRevenue,,,,,7204000.000,,,,16202000.000
IncreaseDecreaseInDerivativeAssetsAndLiabilities,,,,,-8990000.000,,,,2454000.000
IncreaseDecreaseInGasImbalanceReceivable,-143000.000,,,,-566000.000,,,,
IncreaseDecreaseInInventories,2754000.000,,,,508000.000,,,,
IncreaseDecreaseInOtherCurrentAssets,,,,,,,,,819000.000
IncrementalCommonSharesAttributableToConversionOfPreferredStock,,,83000.000,,0.000,9000.000,50000.000,-26000.000,90000.000
InterestIncomeExpenseNonoperatingNet,-3440000.000,-4479000.000,-4982000.000,-5429000.000,-8677000.000,-10441000.000,-12157000.000,-14326000.000,-16017000.000
InterestIncomeRelatedParty,400000.000,400000.000,,,400000.000,,,,
LimitedLiabilityCompanyLLCOrLimitedPartnershipLPManagingMemberOrGeneralPartnerOwnershipInterest,,,,,,,,,0.011
NetCashProvidedByUsedInFinancingActivities,664981000.000,,,,-19074000.000,,,,459470000.000
NetCashProvidedByUsedInFinancingActivitiesContinuingOperations,664981000.000,,,,-19074000.000,,,,459470000.000
NetCashProvidedByUsedInInvestingActivities,-713611000.000,,,,-66638000.000,,,,-562042000.000
NetCashProvidedByUsedInInvestingActivitiesContinuingOperations,-713611000.000,,,,-66638000.000,,,,-562042000.000
NetCashProvidedByUsedInOperatingActivities,48639000.000,,,,87277000.000,,,,102166000.000
NetCashProvidedByUsedInOperatingActivitiesContinuingOperations,48639000.000,,,,87277000.000,,,,102166000.000
NetIncomeLoss,5122000.000,4734000.000,4423000.000,17677000.000,7589000.000,3448000.000,7041000.000,8716000.000,12029000.000
NetIncomeLossAttributableToNoncontrollingInterest,17868000.000,45889000.000,41674000.000,50604000.000,33032000.000,81161000.000,49750000.000,52307000.000,55209000.000
NetIncomeLossAttributableToParentDiluted,,,4425000.000,,7589000.000,3449000.000,7044000.000,8721000.000,12037000.000
NonoperatingIncomeExpense,-2728000.000,-3710000.000,-4480000.000,-4999000.000,-17057000.000,32054000.000,-4030000.000,-4356000.000,6676000.000
OperatingCostsAndExpenses,9575000.000,12408000.000,14071000.000,13084000.000,12477000.000,13864000.000,14714000.000,12331000.000,12903000.000
OperatingIncomeLoss,25718000.000,56105000.000,52405000.000,62403000.000,60469000.000,59347000.000,64030000.000,70328000.000,63226000.000
OtherNonoperatingIncomeExpense,712000.000,769000.000,502000.000,656000.000,566000.000,221000.000,480000.000,456000.000,70000.000
OtherOperatingActivitiesCashFlowStatement,-175000.000,,,,-246000.000,,,,-755000.000
OtherSalesRevenueNet,10277000.000,9896000.000,6557000.000,7003000.000,7627000.000,8097000.000,8536000.000,8557000.000,13003000.000
PartnersCapitalAccountPublicSaleOfUnitsNetOfOfferingCosts,,,,,,,28700000.000,,99400000.000
PartnersCapitalAccountUnitsSoldInPublicOffering,,,,,,,622846.000,,2087647.000
PaymentsForProceedsFromOtherInvestingActivities,311000.000,,,,-25000.000,,,,-1341000.000
PaymentsForRepurchaseOfCommonStock,,,,,,,,,35335000.000
PaymentsOfDividends,14761000.000,,,,,,,,
PaymentsToAcquireAdditionalInterestInSubsidiaries,,,,,49118000.000,,,,0.000
PaymentsToAcquireBusinessesGross,,,,,,,,,140000000.000
PaymentsToAcquireEquityMethodInvestments,,,,,,,,,6693000.000
PaymentsToAcquireInterestInSubsidiariesAndAffiliates,,,,,,,,,400000000.000
PaymentsToAcquirePropertyPlantAndEquipment,13300000.000,,,,17545000.000,,,,26769000.000
PaymentsToMinorityShareholders,,,,,50919000.000,,,,71426000.000
ProceedsFromEquityMethodInvestmentDividendsOrDistributionsReturnOfCapital,,,,,,,,,10079000.000
ProceedsFromIssuanceOfCommonStock,551949000.000,,,,12636000.000,,,,99373000.000
ProceedsFromMinorityShareholders,,,,,7152000.000,,,,
ProceedsFromOtherDebt,139000000.000,,,,,,,,
ProceedsFromPaymentsForOtherFinancingActivities,2326000.000,,,,-805000.000,,,,3355000.000
ProceedsFromRepaymentsOfOtherDebt,,,,,447000000.000,,,,552000000.000
ProfitLoss,22990000.000,50623000.000,46097000.000,68281000.000,40621000.000,84609000.000,56791000.000,61023000.000,67238000.000
RevenueOilAndGasServices,50381000.000,74022000.000,81928000.000,94105000.000,94572000.000,93322000.000,91387000.000,95668000.000,84331000.000
Revenues,114675000.000,132970000.000,138168000.000,150384000.000,145405000.000,146931000.000,152125000.000,160661000.000,144400000.000
SalesRevenueFromEnergyCommoditiesAndServices,,20011000.000,20252000.000,,13926000.000,16830000.000,20758000.000,25880000.000,15381000.000
SalesRevenueNet,114675000.000,132970000.000,138168000.000,150384000.000,145405000.000,146931000.000,152125000.000,160661000.000,144400000.000
ShareBasedCompensation,1527000.000,,,,1342000.000,,,,
ShareBasedCompensationArrangementByShareBasedPaymentAwardEquityInstrumentsOtherThanOptionsGrantsInPeriod,,,160000.000,,,,,,
TaxesExcludingIncomeAndExciseTaxes,11297000.000,-271000.000,5521000.000,5249000.000,7506000.000,5639000.000,6717000.000,4865000.000,8226000.000
WeightedAverageLimitedPartnershipUnitsOutstandingDiluted,,,47808000.000,,47725000.000,47734000.000,47775000.000,-94345000.000,58165000.000
WeightedAverageNumberOfShareOutstandingBasicAndDiluted,,47725000.000,,,,,,,
WeightedAverageNumberOfSharesOutstandingBasic,,,47725000.000,,47725000.000,47725000.000,47725000.000,-94319000.000,58075000.000
