,2011-03-31,2011-06-30,2011-09-30,2011-12-31,2012-03-31,2012-06-30,2012-09-30,2012-12-31,2013-03-31,2013-06-30,2013-09-30,2013-12-31,2014-03-31,2014-06-30,2014-09-30,2014-12-31,2015-03-31,2015-06-30,2015-09-30,2015-12-31,2016-03-31,2016-06-30,2016-09-30,2016-12-31,2017-03-31,2017-06-30
AdjustmentsNoncashItemsToReconcileNetIncomeLossToCashProvidedByUsedInOperatingActivitiesOther,-1860000.000,,,,,,,,,,,,,,,,,,,,,,,,,
AdjustmentsToAdditionalPaidInCapitalSharebasedCompensationRequisiteServicePeriodRecognitionValue,4569000.000,,,,,,,,,,,,,,,,,,,,,,,,,
AdjustmentsToAdditionalPaidInCapitalTaxEffectFromShareBasedCompensation,-1464000.000,,,,,,,,,,,,,,,,,,,,,,,,,
AdjustmentsToReconcileNetIncomeLossToCashProvidedByUsedInOperatingActivities,106997000.000,,,,115000000.000,,,,88000000.000,,,,111000000.000,,,,79000000.000,,,,68000000.000,,,,,
AffiliateCosts,,4170000.000,4000000.000,,3000000.000,2000000.000,8000000.000,,1000000.000,1000000.000,1000000.000,,,1000000.000,1000000.000,,,,,,,,,,,
AllocatedShareBasedCompensationExpense,,,,,,,,,,,,,,,,,,,,,,,,,5000000.000,6000000.000
AmortizationOfDebtDiscountPremium,-1301000.000,,,,-1000000.000,,,,0.000,,,,,,,,,,,,,,,,,
AmortizationOfFinancingCosts,1435000.000,,,,1000000.000,,,,2000000.000,,,,2000000.000,,,,2000000.000,,,,1000000.000,,,,2000000.000,
AssetImpairmentCharges,,,,,,,,,,,,,,,,,,,,,,,,,0.000,1000000.000
CashAndCashEquivalentsPeriodIncreaseDecrease,187086000.000,,,,35000000.000,,,,-35000000.000,,,,190000000.000,,,,-24000000.000,,,,10000000.000,,,,360000000.000,
CashProvidedByUsedInFinancingActivitiesDiscontinuedOperations,9898000.000,,,,,,,,,,,,-2000000.000,,,,0.000,,,,,,,,,
CashProvidedByUsedInInvestingActivitiesDiscontinuedOperations,220248000.000,,,,,,,,,,,,0.000,,,,0.000,,,,,,,,,
CashProvidedByUsedInOperatingActivitiesDiscontinuedOperations,-10218000.000,,,,,,,,,,,,1000000.000,,,,0.000,,,,,,,,,
CommonStockDividendsPerShareDeclared,0.075,0.075,0.075,,0.150,0.150,0.150,0.150,0.165,0.165,0.165,0.165,0.180,0.180,0.250,0.250,0.250,0.250,0.250,0.250,0.250,0.250,0.250,0.250,0.250,0.250
ComprehensiveIncomeNetOfTax,,19100000.000,23000000.000,,-9000000.000,-12000000.000,27000000.000,114000000.000,-32000000.000,-37000000.000,30000000.000,23000000.000,-16000000.000,2000000.000,-6000000.000,-2000000.000,-57000000.000,11000000.000,29000000.000,73000000.000,-35000000.000,-45000000.000,49000000.000,-1000000.000,-49000000.000,-25000000.000
ComprehensiveIncomeNetOfTaxAttributableToNoncontrollingInterest,,1512000.000,1000000.000,,-10000000.000,13000000.000,1000000.000,-2000000.000,-1000000.000,0.000,0.000,0.000,0.000,0.000,0.000,,,,,,,,,,,
ComprehensiveIncomeNetOfTaxIncludingPortionAttributableToNoncontrollingInterest,142605000.000,,,,,,28000000.000,,-33000000.000,-37000000.000,30000000.000,23000000.000,-16000000.000,2000000.000,-6000000.000,-1000000.000,,,,,,,,,,
CostOfReimbursableExpense,,19600000.000,19000000.000,,22000000.000,17000000.000,15000000.000,24000000.000,17000000.000,18000000.000,17000000.000,21000000.000,15000000.000,15000000.000,12000000.000,17000000.000,11000000.000,10000000.000,13000000.000,16000000.000,10000000.000,9000000.000,9000000.000,13000000.000,10000000.000,13000000.000
CostOfServicesDepreciationAndAmortization,47365000.000,47215000.000,48000000.000,50420000.000,50000000.000,49000000.000,46000000.000,50000000.000,53000000.000,52000000.000,52000000.000,53000000.000,53000000.000,53000000.000,52000000.000,53000000.000,48000000.000,50000000.000,50000000.000,50000000.000,52000000.000,51000000.000,52000000.000,52000000.000,52000000.000,52000000.000
CostOfServicesEnergyServices,271248000.000,247740000.000,221000000.000,222012000.000,267000000.000,243000000.000,225000000.000,228000000.000,281000000.000,252000000.000,232000000.000,228000000.000,282000000.000,268000000.000,248000000.000,257000000.000,289000000.000,300000000.000,260000000.000,280000000.000,315000000.000,314000000.000,272000000.000,276000000.000,332000000.000,319000000.000
DebtInstrumentInterestRateStatedPercentageRateRangeMaximum,,,,,,,,,,,,,,,,,0.045,,,,,,,,,
DebtInstrumentInterestRateStatedPercentageRateRangeMinimum,,,,,,,,,,,,,,,,,0.035,,,,,,,,,
DeferredIncomeTaxExpenseBenefit,-9452000.000,,,,-7000000.000,,,,-12000000.000,,,,-8000000.000,,,,10000000.000,,,,-14000000.000,,,,-14000000.000,
DefinedBenefitPlanRecognizedNetGainLossDueToSettlements1,,,,,,,,,6000000.000,,,,0.000,,,,,,,,,,,,,
DefinedContributionPlanCostRecognized,,3600000.000,4000000.000,,4000000.000,4000000.000,4000000.000,3000000.000,4000000.000,4000000.000,4000000.000,4000000.000,4000000.000,4000000.000,4000000.000,4000000.000,,6000000.000,4000000.000,,4000000.000,4000000.000,5000000.000,4000000.000,5000000.000,4000000.000
DiscontinuedOperationGainLossOnDisposalOfDiscontinuedOperationNetOfTax,,-3600000.000,-11000000.000,,,,,,,,,,,,,,,,,,,,,,,
DiscontinuedOperationIncomeLossFromDiscontinuedOperationBeforeIncomeTax,,1899000.000,-8000000.000,,-1000000.000,-2000000.000,0.000,0.000,,,,,0.000,0.000,0.000,0.000,,,,,,,,,,
DiscontinuedOperationTaxEffectOfDiscontinuedOperation,2193000.000,913000.000,0.000,-106000.000,0.000,1000000.000,0.000,0.000,,,0.000,,0.000,0.000,0.000,0.000,,,,,,,,,,
DisposalGroupIncludingDiscontinuedOperationOperatingExpense,,20894000.000,23000000.000,,-1000000.000,-2000000.000,0.000,0.000,,,,,1000000.000,0.000,0.000,0.000,,,,,,,,,,
DisposalGroupIncludingDiscontinuedOperationRevenue,,22715000.000,15000000.000,,,0.000,0.000,,,,,,1000000.000,0.000,0.000,0.000,,,,,,,,,,
DividendsCommonStock,,,,,,,,,,,,,,,,,,,,,,,,,33000000.000,33000000.000
DividendsCommonStockCash,10959000.000,,,,21000000.000,20000000.000,20000000.000,,22000000.000,22000000.000,21000000.000,,24000000.000,24000000.000,33000000.000,,33000000.000,34000000.000,34000000.000,,,,33000000.000,,,
EarningsPerShareBasic,0.910,0.130,0.300,0.210,-0.090,0.140,0.200,0.620,-0.190,-0.300,0.220,0.220,-0.070,0.000,0.050,0.010,-0.280,-0.050,0.260,0.590,-0.290,-0.230,0.420,0.070,-0.410,-0.280
EarningsPerShareDiluted,0.910,0.130,0.300,0.200,-0.090,0.140,0.190,0.620,-0.190,-0.300,0.220,0.220,-0.070,0.000,0.050,0.010,-0.280,-0.050,0.250,0.590,-0.290,-0.230,0.420,0.070,-0.410,-0.280
EffectOfExchangeRateOnCashAndCashEquivalents,1506000.000,,,,,,,,0.000,,,,-1000000.000,,,,-3000000.000,,,,2000000.000,,,,1000000.000,
EffectiveIncomeTaxRateContinuingOperations,,,,,0.380,0.603,,,0.404,,,,-0.580,,,,-0.330,,,,0.200,,,,0.170,
ElectricUtilityRevenue,94332000.000,97803000.000,109000000.000,98865000.000,91000000.000,91000000.000,115000000.000,97000000.000,102000000.000,103000000.000,117000000.000,109000000.000,120000000.000,110000000.000,120000000.000,110000000.000,112000000.000,99000000.000,108000000.000,102000000.000,101000000.000,86000000.000,92000000.000,91000000.000,86000000.000,75000000.000
EquityMethodInvestmentDividendsOrDistributions,4410000.000,,,,,,,,,,,,0.000,,,,1000000.000,,,,0.000,,,,,
EquityMethodInvestmentRealizedGainLossOnDisposal,,,,,,2000000.000,2000000.000,,,,,,,,,,,,,,,,,,,
ForeignCurrencyTransactionGainLossBeforeTax,,2114000.000,1000000.000,,,0.000,0.000,,,,,,,,,,,,,,,,,,,
GainLossOnContractTermination,,,,,,,,,,-8000000.000,,,,,,,,,,,,,,,,
GainLossOnDispositionOfAssets1,,,,,,,,,,,,,,,,,,,,,,,43000000.000,,-4000000.000,-2000000.000
GainsLossesOnExtinguishmentOfDebt,-356000.000,,,,-2000000.000,0.000,0.000,-1000000.000,-1000000.000,0.000,0.000,0.000,-2000000.000,0.000,0.000,0.000,0.000,-2000000.000,0.000,0.000,,0.000,0.000,,,-13000000.000
IncomeLossFromContinuingOperations,-13641000.000,16942000.000,49000000.000,26699000.000,-12000000.000,20000000.000,26000000.000,82000000.000,,-38000000.000,28000000.000,,-9000000.000,1000000.000,6000000.000,0.000,,,,,,,,,,
IncomeLossFromContinuingOperationsAttributableToNoncontrollingEntity,92000.000,809000.000,2000000.000,2099000.000,1000000.000,-1000000.000,1000000.000,1000000.000,,,,,,,,,,,,,,,,,,
IncomeLossFromContinuingOperationsBeforeIncomeTaxesMinorityInterestAndIncomeLossFromEquityMethodInvestments,-23658000.000,26465000.000,52000000.000,52193000.000,-20000000.000,25000000.000,50000000.000,79000000.000,-42000000.000,-32000000.000,43000000.000,109000000.000,-24000000.000,9000000.000,-12000000.000,31000000.000,-30000000.000,-49000000.000,40000000.000,11000000.000,-50000000.000,-27000000.000,67000000.000,24000000.000,-63000000.000,-30000000.000
IncomeLossFromContinuingOperationsIncludingPortionAttributableToNoncontrollingInterest,-13549000.000,17751000.000,51000000.000,28798000.000,-11000000.000,19000000.000,27000000.000,83000000.000,,-38000000.000,28000000.000,,-9000000.000,1000000.000,6000000.000,1000000.000,,,,,,,,,,
IncomeLossFromContinuingOperationsPerBasicShare,-0.090,0.120,0.350,0.180,-0.090,0.150,0.200,0.620,,-0.300,0.220,,-0.070,0.000,0.050,0.010,,,,,,,,,,
IncomeLossFromContinuingOperationsPerDilutedShare,-0.090,0.120,0.350,0.180,-0.090,0.150,0.190,0.620,,-0.300,0.220,,-0.070,0.000,0.050,0.010,,,,,,,,,,
IncomeLossFromDiscontinuedOperationsNetOfTax,148942000.000,1924000.000,-7000000.000,-866000.000,,-2000000.000,0.000,,,0.000,0.000,,0.000,0.000,0.000,0.000,,,,,,,,,,
IncomeLossFromDiscontinuedOperationsNetOfTaxAttributableToNoncontrollingInterest,1808000.000,726000.000,,,,0.000,0.000,,,,,,,,,,,,,,,,,,,
IncomeLossFromDiscontinuedOperationsNetOfTaxAttributableToReportingEntity,147134000.000,1198000.000,-7000000.000,-1332000.000,,-2000000.000,0.000,,,0.000,0.000,,0.000,0.000,0.000,0.000,,,,,,,,,,
IncomeLossFromDiscontinuedOperationsNetOfTaxPerBasicShare,1.000,0.010,-0.050,0.030,,-0.010,0.000,,,0.000,0.000,,0.000,0.000,0.000,0.000,,,,,,,,,,
IncomeLossFromDiscontinuedOperationsNetOfTaxPerDilutedShare,1.000,0.010,-0.050,0.020,,-0.010,0.000,,,0.000,0.000,,0.000,0.000,0.000,0.000,,,,,,,,,,
IncomeLossFromEquityMethodInvestments,123000.000,1850000.000,1000000.000,2027000.000,1000000.000,5000000.000,4000000.000,0.000,-1000000.000,1000000.000,4000000.000,2000000.000,1000000.000,2000000.000,2000000.000,5000000.000,3000000.000,3000000.000,5000000.000,2000000.000,3000000.000,1000000.000,-1000000.000,1000000.000,0.000,1000000.000
IncomeTaxExpenseBenefit,-9986000.000,10564000.000,2000000.000,25422000.000,-8000000.000,11000000.000,27000000.000,-4000000.000,-17000000.000,7000000.000,19000000.000,31000000.000,-14000000.000,10000000.000,-16000000.000,35000000.000,10000000.000,-40000000.000,11000000.000,-65000000.000,-10000000.000,3000000.000,12000000.000,17000000.000,-11000000.000,8000000.000
IncreaseDecreaseInOperatingCapital,-71186000.000,,,,-63000000.000,,,,-33000000.000,,,,-43000000.000,,,,-16000000.000,,,,-15000000.000,,,,-14000000.000,
IncreaseDecreaseInPropertyAndCasualtyInsuranceLiabilities,,,,,,,7000000.000,,,,,,,,,,,,,,,,,,,
IncreaseDecreaseInRestrictedCash,,,,,,,,,,,,,,,,,-4000000.000,,,,,,,,,
IncreaseDecreaseInRestrictedCashAndInvestmentsForOperatingActivities,,,,,-2000000.000,,,,-9000000.000,,,,0.000,,,,-1000000.000,,,,-2000000.000,,,,-1000000.000,
IncreaseDecreaseInRestrictedCashForOperatingActivities,14748000.000,,,,,,,,,,,,,,,,,,,,,,,,,
IncrementalCommonSharesAttributableToCallOptionsAndWarrants,,,,,,0.000,0.000,,0.000,0.000,0.000,0.000,0.000,0.000,0.000,0.000,0.000,0.000,,,,,,,,
IncrementalCommonSharesAttributableToConversionOfDebtSecurities,,,,,,,,,0.000,0.000,0.000,0.000,0.000,0.000,0.000,0.000,0.000,0.000,,,,,,,,
IncrementalCommonSharesAttributableToShareBasedPaymentArrangements,,,,,,,,,,,,,,,,,,,,,0.000,0.000,2000000.000,-2000000.000,0.000,0.000
InterestAndDebtExpense,,25896000.000,35000000.000,,23000000.000,31000000.000,31000000.000,33000000.000,37000000.000,36000000.000,37000000.000,33000000.000,39000000.000,38000000.000,30000000.000,33000000.000,35000000.000,29000000.000,31000000.000,33000000.000,36000000.000,32000000.000,,,,
InterestCostsCapitalized,,,,,,,,,,,,,,,,,,,,,6000000.000,7000000.000,7000000.000,6000000.000,8000000.000,12000000.000
InterestExpense,16761000.000,16811000.000,16000000.000,17428000.000,18000000.000,24000000.000,25000000.000,27000000.000,29000000.000,29000000.000,30000000.000,30000000.000,29000000.000,33000000.000,30000000.000,33000000.000,33000000.000,28000000.000,31000000.000,33000000.000,34000000.000,34000000.000,35000000.000,36000000.000,36000000.000,35000000.000
InvestmentIncomeNet,261000.000,118000.000,1000000.000,-379000.000,,,0.000,,,,,,,,,,,,,,,,,,,
MinorityInterestDecreaseFromDistributionsToNoncontrollingInterestHolders,1534000.000,,,,,,,,,,,,,,,,,,,,,,,,,
NetCashProvidedByUsedInFinancingActivities,-84062000.000,,,,-37000000.000,,,,-10000000.000,,,,161000000.000,,,,20000000.000,,,,72000000.000,,,,426000000.000,
NetCashProvidedByUsedInFinancingActivitiesContinuingOperations,-93960000.000,,,,-37000000.000,,,,-10000000.000,,,,163000000.000,,,,20000000.000,,,,72000000.000,,,,426000000.000,
NetCashProvidedByUsedInInvestingActivities,186412000.000,,,,-32000000.000,,,,-87000000.000,,,,-73000000.000,,,,-83000000.000,,,,-95000000.000,,,,-77000000.000,
NetCashProvidedByUsedInInvestingActivitiesContinuingOperations,-33836000.000,,,,-32000000.000,,,,-87000000.000,,,,-73000000.000,,,,-83000000.000,,,,-95000000.000,,,,-77000000.000,
NetCashProvidedByUsedInOperatingActivities,83230000.000,,,,104000000.000,,,,62000000.000,,,,103000000.000,,,,42000000.000,,,,31000000.000,,,,10000000.000,
NetCashProvidedByUsedInOperatingActivitiesContinuingOperations,93448000.000,,,,104000000.000,,,,62000000.000,,,,102000000.000,,,,42000000.000,,,,31000000.000,,,,10000000.000,
NetIncomeLoss,133493000.000,18140000.000,42000000.000,25367000.000,-12000000.000,18000000.000,26000000.000,82000000.000,-25000000.000,-38000000.000,28000000.000,28000000.000,-9000000.000,1000000.000,6000000.000,0.000,-37000000.000,-6000000.000,34000000.000,77000000.000,-37000000.000,-29000000.000,54000000.000,8000000.000,-52000000.000,-37000000.000
NetIncomeLossAttributableToNoncontrollingInterest,1900000.000,1535000.000,2000000.000,2565000.000,1000000.000,-1000000.000,1000000.000,1000000.000,-1000000.000,0.000,0.000,0.000,0.000,0.000,0.000,1000000.000,,,,,,,,,,
NoncontrollingInterestDecreaseFromDeconsolidation,,,,,,,,,2000000.000,,,,0.000,,,,,,,,,,,,,
NonoperatingIncomeExpense,,,,,,,,,,,,,,,,,,,,,,,,,,-50000000.000
NumberOfReportableSegments,,,,,,,,,,,,,1.000,,,,1.000,,,,1.000,,,,1.000,
OperatingExpenses,378412000.000,359174000.000,345000000.000,349414000.000,389000000.000,354000000.000,331000000.000,318000000.000,378000000.000,409000000.000,347000000.000,275000000.000,386000000.000,385000000.000,396000000.000,371000000.000,378000000.000,428000000.000,351000000.000,388000000.000,417000000.000,413000000.000,361000000.000,399000000.000,427000000.000,404000000.000
OperatingIncomeLoss,-1642000.000,52361000.000,87000000.000,80281000.000,3000000.000,56000000.000,81000000.000,112000000.000,-5000000.000,4000000.000,80000000.000,142000000.000,15000000.000,47000000.000,18000000.000,64000000.000,5000000.000,-20000000.000,71000000.000,44000000.000,-14000000.000,5000000.000,60000000.000,58000000.000,-23000000.000,20000000.000
OtherComprehensiveIncomeAvailableForSaleSecuritiesAdjustmentNetOfTaxPeriodIncreaseDecrease,,213000.000,,,,,,,,,,,,,,,,,,,,,,,,
OtherComprehensiveIncomeAvailableForSaleSecuritiesTax,66000.000,,,,,,,,,,,,,,,,,,,,,,,,,
OtherComprehensiveIncomeAvailableforsaleSecuritiesAdjustmentNetOfTaxPortionAttributableToParent,,,,,-1000000.000,,,,,,,,,,,,,,,,,,,,,
OtherComprehensiveIncomeDefinedBenefitPlansAdjustmentNetOfTaxPeriodIncreaseDecrease,-100000.000,,,,,,,,,,,,,,,,,,,,,,,,,
OtherComprehensiveIncomeDefinedBenefitPlansAdjustmentNetOfTaxPortionAttributableToParent,,-100000.000,,,,,,,,,,,,,,,,,,,,,,,,
OtherComprehensiveIncomeDefinedBenefitPlansNetUnamortizedGainLossArisingDuringPeriodNetOfTax,,,,,,,,,3000000.000,0.000,0.000,1000000.000,0.000,0.000,0.000,0.000,0.000,,,,0.000,,,,,
OtherComprehensiveIncomeDefinedBenefitPlansTax,66000.000,,,,,,,,,,,,,,,,,,,,,,,,,
OtherComprehensiveIncomeForeignCurrencyTransactionAndTranslationAdjustmentNetOfTaxPeriodIncreaseDecrease,7292000.000,,,,,,,,,,,,,,,,,,,,,,,,,
OtherComprehensiveIncomeForeignCurrencyTransactionAndTranslationAdjustmentNetOfTaxPortionAttributableToNoncontrollingInterest,,-23000.000,-1000000.000,,,,0.000,,,,,,,,,,,,,,,,,,,
OtherComprehensiveIncomeForeignCurrencyTransactionAndTranslationAdjustmentNetOfTaxPortionAttributableToParent,,938000.000,-19000000.000,,-1000000.000,5000000.000,2000000.000,-5000000.000,-5000000.000,0.000,2000000.000,-1000000.000,-3000000.000,1000000.000,-5000000.000,-5000000.000,-13000000.000,4000000.000,-5000000.000,-8000000.000,9000000.000,-3000000.000,-5000000.000,-8000000.000,3000000.000,9000000.000
OtherComprehensiveIncomeLossBeforeReclassificationsNetOfTax,,,,,,,,,,,,,,,,,,,,,,,,,3000000.000,
OtherComprehensiveIncomeLossNetOfTax,,,,,,,,,,,,,,,,,,,,,,,,,3000000.000,
OtherComprehensiveIncomeLossNetOfTaxPortionAttributableToParent,,960000.000,-19000000.000,,-2000000.000,5000000.000,1000000.000,2000000.000,-7000000.000,1000000.000,2000000.000,-5000000.000,-7000000.000,1000000.000,-12000000.000,-2000000.000,-20000000.000,17000000.000,-5000000.000,-4000000.000,2000000.000,-16000000.000,-5000000.000,-9000000.000,3000000.000,12000000.000
OtherComprehensiveIncomeLossPensionAndOtherPostretirementBenefitPlansAdjustmentNetOfTax,,,,,,,-1000000.000,,1000000.000,,,,0.000,,,,0.000,,,,0.000,,,,,
OtherComprehensiveIncomeLossReclassificationAdjustmentFromAOCIPensionAndOtherPostretirementBenefitPlansForNetGainLossNetOfTax,,,,,,,,,,,0.000,,0.000,0.000,0.000,0.000,0.000,,,,0.000,,,,,
OtherComprehensiveIncomeReclassificationAdjustmentForSaleOfSecuritiesIncludedInNetIncomeNetOfTax,,-132000.000,,,,,,,,,,,,,,,,,,,,,,,,
OtherComprehensiveIncomeReclassificationOfDefinedBenefitPlansNetGainLossRecognizedInNetPeriodicBenefitCostNetOfTax,,,,,,,,,-4000000.000,0.000,,,,,,,,,,,,,,,,
OtherComprehensiveIncomeUnrealizedGainLossOnDerivativesArisingDuringPeriodNetOfTax,-81000.000,,,,,0.000,-3000000.000,,-2000000.000,2000000.000,1000000.000,-6000000.000,-4000000.000,-1000000.000,-6000000.000,4000000.000,-7000000.000,13000000.000,0.000,4000000.000,-7000000.000,-13000000.000,0.000,-1000000.000,0.000,3000000.000
OtherComprehensiveIncomeUnrealizedGainLossOnDerivativesArisingDuringPeriodTax,53000.000,,,,,,,,,,,,,,,,,,,,,,,,0.000,1000000.000
OtherComprehensiveIncomeUnrealizedHoldingGainLossOnSecuritiesArisingDuringPeriodNetOfTax,,81000.000,,,,,1000000.000,,1000000.000,-1000000.000,-1000000.000,1000000.000,0.000,1000000.000,-1000000.000,-1000000.000,0.000,0.000,0.000,0.000,0.000,,,,,
OtherCostAndExpenseOperating,27333000.000,31083000.000,44000000.000,40584000.000,39000000.000,30000000.000,31000000.000,56000000.000,17000000.000,25000000.000,26000000.000,26000000.000,18000000.000,29000000.000,19000000.000,35000000.000,11000000.000,26000000.000,18000000.000,18000000.000,12000000.000,19000000.000,14000000.000,41000000.000,15000000.000,2000000.000
OtherExpenses,,,,,,,,,,,,,,,,,,,,,,,1000000.000,,0.000,
OtherNoncashIncomeExpense,,,,,5000000.000,,,,5000000.000,,,,1000000.000,,,,4000000.000,,,,5000000.000,,,,-2000000.000,
OtherNonoperatingExpense,,2778000.000,11000000.000,,,,,,,,,,,,,,,,,,,,,,,
OtherNonoperatingIncomeExpense,,,,,3000000.000,0.000,0.000,0.000,0.000,0.000,0.000,4000000.000,,,,,-2000000.000,1000000.000,0.000,0.000,-2000000.000,2000000.000,7000000.000,,-40000000.000,0.000
OtherNonrecurringIncomeExpense,,,,,,,-2000000.000,,,50000000.000,12000000.000,,9000000.000,7000000.000,48000000.000,,0.000,24000000.000,0.000,,15000000.000,4000000.000,0.000,,0.000,
OtherOperatingIncomeExpenseNet,,778000.000,3000000.000,,2000000.000,-1000000.000,2000000.000,1000000.000,0.000,8000000.000,3000000.000,0.000,-1000000.000,0.000,-1000000.000,0.000,0.000,1000000.000,-1000000.000,,,,,,,
OtherSalesRevenueNet,31342000.000,37387000.000,50000000.000,49271000.000,43000000.000,39000000.000,33000000.000,52000000.000,24000000.000,34000000.000,34000000.000,26000000.000,19000000.000,30000000.000,16000000.000,32000000.000,9000000.000,16000000.000,15000000.000,19000000.000,10000000.000,18000000.000,16000000.000,37000000.000,16000000.000,24000000.000
PaymentsForProceedsFromHedgeInvestingActivities,,,,,,,,,,,,,,,,,,,,,0.000,,,,0.000,0.000
PaymentsForProceedsFromLoansReceivable,0.000,,,,,,,,,,,,,,,,,,,,,,,,,
PaymentsForProceedsFromOtherInvestingActivities,-4026000.000,,,,,,,,-1000000.000,,,,1000000.000,,,,1000000.000,,,,0.000,,,,1000000.000,
PaymentsForRepurchaseOfCommonStock,54371000.000,,,,30000000.000,,,,24000000.000,,,,0.000,,,,,,,,20000000.000,,,,0.000,
PaymentsOfDividendsCommonStock,,,,,10000000.000,,,,0.000,,,,22000000.000,,,,33000000.000,,,,33000000.000,,,,33000000.000,
PaymentsOfDividendsMinorityInterest,1534000.000,,,,,,,,,,,,,,,,,,,,,,,,,
PaymentsOfFinancingCosts,,,,,23000000.000,,,,1000000.000,,,,10000000.000,,,,3000000.000,,,,3000000.000,,,,8000000.000,
PaymentsOfOrdinaryDividends,,,,,,,,,,,,,,,,,,,,,,33000000.000,,,,
PaymentsToAcquireAdditionalInterestInSubsidiaries,0.000,,,,,,,,14000000.000,,,,0.000,,,,,,,,,,,,,
PaymentsToAcquireBusinessesGross,,,,,,,,,,,,,,,,,,,20000000.000,,,,,,,
PaymentsToAcquireBusinessesNetOfCashAcquired,0.000,,,,,,,,,,,,,,,,,,,,9000000.000,,,,16000000.000,
PaymentsToAcquireIntangibleAssets,,,,,,,,,,,,,,,,,,,24000000.000,,,,,,,
PaymentsToAcquireInvestments,4138000.000,,,,,,,,13000000.000,,,,2000000.000,,,,0.000,,,,,,,,,
PaymentsToAcquireProductiveAssets,38292000.000,,,,32000000.000,,,,63000000.000,,,,72000000.000,,,,86000000.000,,,,86000000.000,,,,62000000.000,
ProceedsFromDerivativeInstrumentInvestingActivities,,,,,,,,,,,,,,,,,,,,,2000000.000,,,,,
ProceedsFromHedgeInvestingActivities,,,,,,,,,,,,,,,,,,,,,14000000.000,,,,,
ProceedsFromInsuranceSettlementInvestingActivities,,,,,,,,,,,,,,,,,,,,,,,,,2000000.000,
ProceedsFromIssuanceOfLongTermDebt,,,,,699000000.000,,,,0.000,,,,400000000.000,,,,0.000,,,,,,,,400000000.000,
ProceedsFromIssuanceOfUnsecuredTaxExemptDebt,,,,,,,,,,,,,,,,,,,130000000.000,,,,,,,
ProceedsFromLinesOfCredit,,,,,,,83000000.000,,98000000.000,,,,5000000.000,,,,,,,,,,,,,
ProceedsFromLongTermCapitalLeaseObligations,,,,,,,,,,,,,,,,,9000000.000,,,,0.000,,,,,
ProceedsFromLongTermLinesOfCredit,,,,,,,,,,,,,,,,,167000000.000,,,,318000000.000,,,,331000000.000,
ProceedsFromPaymentsForOtherFinancingActivities,-1834000.000,,,,-1000000.000,,,,-12000000.000,,,,7000000.000,,,,6000000.000,,,,5000000.000,,,,-4000000.000,
ProceedsFromRepaymentsOfRestrictedCashFinancingActivities,43659000.000,,,,12000000.000,,,,-3000000.000,,,,2000000.000,,,,3000000.000,,,,14000000.000,,,,6000000.000,
ProceedsFromSaleMaturityAndCollectionsOfInvestments,4568000.000,,,,1000000.000,,,,2000000.000,,,,2000000.000,,,,0.000,,,,,,,,,
ProceedsFromStockOptionsExercised,0.000,,,,,,,,,,,,,,,,,,,,,,,,,
ProfitLoss,135393000.000,19675000.000,44000000.000,27932000.000,-11000000.000,17000000.000,27000000.000,83000000.000,-26000000.000,-38000000.000,28000000.000,28000000.000,-9000000.000,1000000.000,6000000.000,1000000.000,-37000000.000,,,,-37000000.000,,,,-52000000.000,
ReclassificationFromAccumulatedOtherComprehensiveIncomeCurrentPeriodNetOfTax,,,,,,,,,,,,,,,,,,,,,,,,,0.000,
RepaymentsOfConvertibleDebt,,,,,25000000.000,,,,0.000,,,,,,,,,,,,,,,,,
RepaymentsOfLinesOfCredit,,,,,,,,,51000000.000,,,,115000000.000,,,,,,,,,,,,,
RepaymentsOfLongTermCapitalLeaseObligations,,,,,,,,,,,,,,,,,1000000.000,,,,1000000.000,,,,1000000.000,
RepaymentsOfLongTermDebt,7578000.000,,,,619000000.000,,,,1000000.000,,,,95000000.000,,,,0.000,,,,,,,,1000000.000,
RepaymentsOfLongTermLinesOfCredit,,,,,,,,,,,,,,,,,118000000.000,,,,237000000.000,,,,288000000.000,
Revenues,376770000.000,411535000.000,432000000.000,429695000.000,392000000.000,410000000.000,412000000.000,430000000.000,373000000.000,413000000.000,427000000.000,417000000.000,401000000.000,432000000.000,414000000.000,435000000.000,383000000.000,408000000.000,422000000.000,432000000.000,403000000.000,418000000.000,421000000.000,457000000.000,404000000.000,424000000.000
SalesRevenueNet,376770000.000,411535000.000,432000000.000,429695000.000,392000000.000,410000000.000,412000000.000,430000000.000,373000000.000,413000000.000,427000000.000,417000000.000,401000000.000,432000000.000,414000000.000,435000000.000,383000000.000,408000000.000,422000000.000,432000000.000,403000000.000,418000000.000,421000000.000,457000000.000,404000000.000,424000000.000
SellingGeneralAndAdministrativeExpense,24503000.000,25274000.000,24000000.000,29223000.000,25000000.000,25000000.000,24000000.000,23000000.000,24000000.000,26000000.000,22000000.000,12000000.000,21000000.000,26000000.000,26000000.000,24000000.000,28000000.000,23000000.000,20000000.000,22000000.000,23000000.000,25000000.000,23000000.000,29000000.000,28000000.000,30000000.000
ShareBasedCompensation,4569000.000,4400000.000,4000000.000,5031000.000,5000000.000,5000000.000,3000000.000,4000000.000,5000000.000,4000000.000,3000000.000,3000000.000,4000000.000,4000000.000,7000000.000,2000000.000,8000000.000,3000000.000,4000000.000,3000000.000,5000000.000,4000000.000,4000000.000,3000000.000,5000000.000,
ShareBasedCompensationArrangementByShareBasedPaymentAwardNumberOfAdditionalSharesAuthorized,,,,,,,,,,,,,,6000000.000,6000000.000,,,,,,,,,,,
StockIssuedDuringPeriodSharesRestrictedStockAwardNetOfForfeitures,694000.000,,,,,,,,,,,,,,,,,,,,,,,,,
StockIssuedDuringPeriodValueRestrictedStockAwardForfeitures,0.000,,,,,,,,,,,,,,,,,,,,,,,,,
StockIssuedDuringPeriodValueRestrictedStockAwardNetOfForfeitures,0.000,,,,,,,,,,,,,,,,,,,,,,,,,
StockRepurchaseProgramRemainingAuthorizedRepurchaseAmount,,,,,145000000.000,,,,126000000.000,,,,,,,,,,,,,,,,,
TreasuryStockAcquiredAverageCostPerShare,,16.580,15.580,,16.450,16.040,17.220,-33.160,19.270,19.620,0.000,-19.520,,,,,,,,,,,,,,
TreasuryStockSharesAcquired,,4200000.000,5200000.000,,1800000.000,1900000.000,1500000.000,100000.000,1200000.000,500000.000,0.000,0.000,,,,,,,,,,,,,,
TreasuryStockValueAcquiredParValueMethod,54371000.000,70000000.000,81000000.000,24629000.000,30000000.000,30000000.000,25000000.000,3000000.000,24000000.000,10000000.000,0.000,0.000,,,,,,,,,,,,,,
UnrecognizedTaxBenefitsIncomeTaxPenaltiesAndInterestExpense,,200000.000,-7000000.000,,1000000.000,,1000000.000,,1000000.000,,2000000.000,,,,-5000000.000,,,,,,,,,,,
WeightedAverageNumberOfDilutedSharesOutstanding,146859000.000,144938000.000,140000000.000,-289797000.000,134000000.000,134000000.000,132000000.000,-267000000.000,130000000.000,129000000.000,130000000.000,-259000000.000,129000000.000,131000000.000,131000000.000,-261000000.000,132000000.000,132000000.000,134000000.000,-265000000.000,129000000.000,129000000.000,131000000.000,-260000000.000,129000000.000,130000000.000
WeightedAverageNumberOfSharesOutstandingBasic,146859000.000,143970000.000,139000000.000,-288829000.000,134000000.000,133000000.000,131000000.000,-266000000.000,130000000.000,129000000.000,129000000.000,-259000000.000,129000000.000,130000000.000,130000000.000,-259000000.000,132000000.000,132000000.000,132000000.000,-264000000.000,129000000.000,129000000.000,129000000.000,-258000000.000,129000000.000,130000000.000
