,2011-06-30,2011-09-30,2012-03-31,2012-06-30,2012-09-30,2012-12-31,2013-03-31,2013-06-30,2013-09-30,2013-12-31,2014-03-31,2014-06-30,2014-09-30,2014-12-31,2015-03-31,2015-06-30,2015-09-30,2015-12-31,2016-03-31,2016-06-30,2016-09-30,2016-12-31,2017-03-31
AccrualForEnvironmentalLossContingenciesPayments,,,1000000.000,,,,1000000.000,,,,,,,,1000000.000,,,,,,,,
AccrualForEnvironmentalLossContingenciesProvisionForNewLosses,,,,,,,,,,,,,,,1000000.000,,,,,,,,
AdjustmentsNoncashItemsToReconcileNetIncomeLossToCashProvidedByUsedInOperatingActivities,,,,,,,,,,,,,,,,,,,804000000.000,,,,118000000.000
AdjustmentsToAdditionalPaidInCapitalSharebasedCompensationRequisiteServicePeriodRecognitionValue,,,-2000000.000,3000000.000,3000000.000,3000000.000,-6000000.000,5000000.000,3000000.000,5000000.000,2000000.000,5000000.000,4000000.000,-4000000.000,-2000000.000,,,,,,,,
AmortizationOfDeferredHedgeGains,,1000000.000,,,-1000000.000,,,-1000000.000,,,,,,,,,,,,,,,
AmortizationOfFinancingCosts,,,,,,,,,,,,,,,,,,,8000000.000,,,,9000000.000
AmortizationOfIntangibleAssets,,,,,,,,,,,,,,,,,,,14000000.000,,,,14000000.000
AmortizationOfNuclearFuelLease,,,,,,,,,,,,,,,,,,,,,,,264000000.000
AmortizationOfPowerContractsEmissionCredits,,,,,,,,,,,,,,,,,,,,,,,2000000.000
AmortizationOfRegulatoryAsset,,,,,,,,,,,,,,,,,,,65000000.000,,,,128000000.000
AntidilutiveSecuritiesExcludedFromComputationOfEarningsPerShareAmount,14900.000,119766.000,3000.000,0.000,,,0.000,0.000,0.000,0.000,0.000,0.000,0.000,0.000,,,0.000,,13000000.000,,,,
AssetImpairmentCharges,,,,3000000.000,2000000.000,,,,,,,,53000000.000,,,,,,,,,,
AssetRetirementObligationAccretionExpense,,,,,,,,,,,,,,,,,,,109000000.000,,,,112000000.000
BusinessAcquisitionProFormaEarningsPerShareBasic,,,,,,,,,,,,,,,,,,,630000.000,0.000,0.542,-629998.852,
BusinessAcquisitionProFormaEarningsPerShareDiluted,,,,,,,,,,,,,,,,,,,620000.000,0.000,0.540,-619998.850,
BusinessAcquisitionsProFormaNetIncomeLoss,,,,,,,,,,,,,,,,,,,577000000.000,268000000.000,501000000.000,216000000.000,
BusinessAcquisitionsProFormaRevenue,,,,,,,,,,,,,,,,,,,8556000000.000,6910000000.000,9002000000.000,7874000000.000,
BusinessCombinationBargainPurchaseGainRecognizedAmount,,,,,,,,,,,,,,,,,,,,,,,226000000.000
BusinessCombinationIntegrationRelatedCosts,,,,,,,,,,,,,,,,,,,102000000.000,1000000.000,20000000.000,20000000.000,9000000.000
CapitalExpendituresIncurredButNotYetPaid,,,,,,,,,,,,,,,,,,,-290000000.000,,,,-298000000.000
CapitalLeasesIncomeStatementDirectFinancingLeaseRevenue,,,,,,,,,,,,,,,,,,,4000000.000,,,,
CashAndCashEquivalentsPeriodIncreaseDecrease,,,-45000000.000,,,,100000000.000,,,,99000000.000,,,,127000000.000,,,,-5542000000.000,,,,-26000000.000
CashFlowHedgeGainLossReclassifiedToEarningsNet,0.000,1000000.000,,,,,,,,,,,,,,,,,,,,,
CashFlowHedgeGainLossToBeReclassifiedWithinTwelveMonths,,,-18000000.000,,,,2000000.000,,,,1000000.000,,,,1000000.000,,,,,,,,
CashProvidedByUsedInOperatingActivitiesDiscontinuedOperations,,,,,,,-3000000.000,,,,-1000000.000,,,,,,,,,,,,
ChangeInUnrealizedGainLossOnHedgedItemInForeignCurrencyFairValueHedge1,,,,,,,,,,,,,,,,,,,,1000000.000,1000000.000,,
CommonStockDividendsPerShareCashPaid,,,0.270,0.270,0.270,0.270,0.270,0.270,0.270,0.270,0.270,0.270,0.270,0.270,0.270,0.270,0.270,0.270,0.310,0.318,0.318,0.318,0.328
CompetitiveEnergyRevenue,,,,,,,,,,,,,,,,,,,3429000000.000,3301000000.000,3823000000.000,3407000000.000,3392000000.000
ComprehensiveIncomeNetOfTax,104000000.000,89000000.000,76000000.000,66000000.000,116000000.000,42000000.000,-424000000.000,43000000.000,119000000.000,64000000.000,76000000.000,51000000.000,81000000.000,22000000.000,54000000.000,56000000.000,92000000.000,135000000.000,151000000.000,337000000.000,562000000.000,48000000.000,985000000.000
ComprehensiveIncomeNetOfTaxAttributableToNoncontrollingInterest,,,,,,,,,,,,,,,,,,,,39000000.000,31000000.000,,-16000000.000
ComprehensiveIncomeNetOfTaxIncludingPortionAttributableToNoncontrollingInterest,,,,,,,,,,,,,,,,,,,,298000000.000,531000000.000,,969000000.000
ConstructionAndDevelopmentCosts,,,291000000.000,298000000.000,299000000.000,,,,,,,271000000.000,293000000.000,,246000000.000,316000000.000,293000000.000,375000000.000,,,,,
CostOfGoodsAndServicesEnergyCommoditiesAndServices,,,,,,,,,,,,,,,,,,,2440000000.000,1576000000.000,2584000000.000,2217000000.000,2795000000.000
CostOfGoodsAndServicesSoldDepreciationAndAmortization,105000000.000,115000000.000,110000000.000,111000000.000,122000000.000,111000000.000,112000000.000,116000000.000,124000000.000,,,,,,,,,,,,,,
CostOfPurchasedPower,,943000000.000,684000000.000,555000000.000,709000000.000,528000000.000,600000000.000,446000000.000,579000000.000,,,,,,,,,,814000000.000,878000000.000,1170000000.000,961000000.000,1104000000.000
CostsAndExpenses,1207000000.000,1448000000.000,1153000000.000,1027000000.000,1212000000.000,1019000000.000,1088000000.000,921000000.000,1109000000.000,880000000.000,1157000000.000,966000000.000,1147000000.000,1004000000.000,1229000000.000,1001000000.000,,,7099000000.000,6294000000.000,7736000000.000,7071000000.000,7691000000.000
DeferredIncomeTaxExpenseBenefit,,,259000000.000,,,,-496000000.000,,,,525000000.000,,,,49000000.000,,,,,,,,
DeferredIncomeTaxesAndTaxCredits,,,,,,,,,,,,,,,,,,,127000000.000,,,,189000000.000
DefinedBenefitPlanContributionsByEmployer,,,,,,,,,,,,,,,,,,,26000000.000,30000000.000,51000000.000,,30000000.000
Depreciation,,,,,,,,,,,,,,,,,,,606000000.000,,,,754000000.000
DepreciationAmortizationAndAccretionNet,,,,,,,,,,,,,,,,,,,1063000000.000,,,,1274000000.000
DepreciationDepletionAndAmortization,,115000000.000,110000000.000,111000000.000,122000000.000,111000000.000,112000000.000,116000000.000,124000000.000,121000000.000,133000000.000,132000000.000,145000000.000,139000000.000,159000000.000,157000000.000,178000000.000,157000000.000,,,,,
DerivativeGainLossOnDerivativeNet,,-4000000.000,,,,,,,,,,,,,,,,,,,,,
DerivativeInstrumentsGainLossReclassifiedFromAccumulatedOCIIntoIncomeEffectivePortionNet,19000000.000,15000000.000,13000000.000,12000000.000,6000000.000,7000000.000,3000000.000,,,,,,,,,,,,,-105000000.000,-118000000.000,,
DerivativeInstrumentsGainLossRecognizedInIncomeIneffectivePortionAndAmountExcludedFromEffectivenessTestingNet,,1000000.000,,,,,,,,,,,,,,,,,,,,,
DerivativeInstrumentsGainLossRecognizedInOtherComprehensiveIncomeEffectivePortionNet,22000000.000,16000000.000,13000000.000,12000000.000,6000000.000,8000000.000,3000000.000,,,,,,,,,,,,,,,,
DerivativeInstrumentsLossRecognizedInOtherComprehensiveIncomeEffectivePortion,,,,,,,,,,,,,,,,,,,,3000000.000,,,
DerivativeLossOnDerivative,,,,,,,,,,,,,,,,,,,,3000000.000,,,
DiscontinuedOperationGainLossOnDisposalOfDiscontinuedOperationNetOfTax,,,,,,,,3000000.000,,,,,,,,,,,,,,,
DiscontinuedOperationIncomeLossFromDiscontinuedOperationDuringPhaseOutPeriodNetOfTax,,,,,,,2000000.000,1000000.000,,,,,,,,,,,,,,,
DiscontinuedOperationTaxEffectOfIncomeLossFromDiscontinuedOperationDuringPhaseOutPeriod,,,,,,,,,,,0.000,0.000,0.000,0.000,,,,,,,,,
DiscontinuedOperationTaxEffectOfIncomeLossFromDisposalOfDiscontinuedOperation,,,,,,,,,,,0.000,0.000,0.000,0.000,,,,,,,,,
DisposalGroupIncludingDiscontinuedOperationRevenue,,,,,,,,34000000.000,,,,,,,,,,,,,,,
DividendsCash,61000000.000,61000000.000,,,,,,,,,,,,,,,,,,,,,
DividendsCommonStock,,,61000000.000,62000000.000,62000000.000,63000000.000,67000000.000,67000000.000,67000000.000,69000000.000,68000000.000,68000000.000,68000000.000,68000000.000,68000000.000,69000000.000,69000000.000,69000000.000,,,,,
DividendsCommonStockCash,,,,,,,,,,,,,,,,,,,287000000.000,,,,305000000.000
DividendsPreferredStockCash,,,,,,,,,,,,,,,,,,,3000000.000,,,,
EarningsPerShareBasic,,,,,,,,,,,,,,,,,,,0.190,0.290,0.530,,1.070
EarningsPerShareBasicAndDiluted,,0.350,0.300,0.270,0.490,,-1.820,0.170,0.480,0.310,0.300,0.210,0.310,0.140,0.210,0.210,0.360,0.510,,,,,
EarningsPerShareDiluted,,,,,,,,,,,,,,,,,,,0.190,0.290,0.530,0.210,1.070
EffectiveIncomeTaxRateContinuingOperations,0.362,0.407,0.171,0.361,0.454,-0.632,-0.458,0.457,0.371,0.374,0.380,0.459,0.301,-0.777,0.361,0.338,0.350,-0.760,0.594,0.246,0.390,-0.847,0.178
EffectiveIncomeTaxRateReconciliationAtFederalStatutoryIncomeTaxRate,0.350,0.350,0.350,0.350,0.350,-0.700,0.350,0.350,0.350,-0.700,0.350,0.350,0.350,-0.700,0.350,0.350,0.350,-0.700,0.350,0.350,0.350,-0.700,0.350
EffectiveIncomeTaxRateReconciliationChangeInDeferredTaxAssetsValuationAllowance,,,,,,,-0.342,,,,,,,,,,,,,,,,
EffectiveIncomeTaxRateReconciliationDeductions,,,,,,,,,,,,,,,0.048,,-0.014,,,,,,
EffectiveIncomeTaxRateReconciliationDeductionsMedicarePrescriptionDrugBenefit,,,,,,,,,,,,,,,,,,,,0.000,0.000,,
EffectiveIncomeTaxRateReconciliationDeductionsOther,,,-0.012,,,,,,,,,,,,,,,,-0.051,0.057,0.006,0.043,0.006
EffectiveIncomeTaxRateReconciliationDeductionsQualifiedProductionActivities,,,,,,,,,,,,,,,,,,,0.000,0.000,0.000,0.000,
EffectiveIncomeTaxRateReconciliationDispositionOfAssets,-0.027,,,,,,,,,,,,,,,,,,,,,,
EffectiveIncomeTaxRateReconciliationDispositionOfBusiness,,,,,,,,,,,,,,,,,,,0.336,,,,
EffectiveIncomeTaxRateReconciliationMinorityInterestIncomeExpense,,,,,,,,,,,,,,,,,,,0.005,0.009,0.002,-0.014,-0.001
EffectiveIncomeTaxRateReconciliationNondeductibleExpenseDepreciation,,-0.007,,,,,,,,,,,,,,,,,,,,,
EffectiveIncomeTaxRateReconciliationNondeductibleExpenseLeases,0.141,-0.037,-0.012,-0.011,0.073,-0.023,-0.217,0.086,,,,,,,,,,,,,,,
EffectiveIncomeTaxRateReconciliationNondeductibleExpenseOther,,,,,,,,,,,,,,,,,,,,0.002,,,
EffectiveIncomeTaxRateReconciliationOtherAdjustments,-0.021,0.026,0.004,-0.019,-0.008,0.009,-0.015,-0.065,-0.019,0.097,-0.003,-0.013,-0.032,0.014,-0.001,-0.011,-0.022,0.022,-0.020,-0.033,-0.008,0.055,0.000
EffectiveIncomeTaxRateReconciliationOtherReconcilingItemsPercent,,,,,,,,,,,,,,,,,,,,-0.069,0.030,,-0.024
EffectiveIncomeTaxRateReconciliationStateAndLocalIncomeTaxes,0.040,0.067,0.049,0.053,0.044,-0.098,-0.017,0.086,0.063,-0.069,0.058,0.071,0.053,-0.121,0.072,0.050,0.057,-0.119,-0.011,0.023,0.038,-0.017,0.009
EffectiveIncomeTaxRateReconciliationTaxContingenciesOther,,,,,,,,,,,,,,,,,,,,,0.040,,-0.034
EffectiveIncomeTaxRateReconciliationTaxCredits,-0.007,-0.007,-0.012,,,,,,,,,,,,,,,,,,,,
EffectiveIncomeTaxRateReconciliationTaxCreditsInvestment,,,,,,,,,,,,,,,,,,,-0.016,-0.018,0.009,0.037,0.004
EffectiveIncomeTaxRateReconciliationTaxCreditsOther,,,,,,,,,,,,,,,,,,,,-0.058,0.029,,-0.066
EffectiveIncomeTaxRateReconciliationTaxSettlements,,,,,,,,,,,,,,,,,,,,-0.017,0.001,,
EffectiveIncomeTaxRateReconciliationTaxSettlementsOther,,,,,,,,,,,,,,,,,,,,,0.043,,-0.114
ElectricUtilityRevenue,,,,,,,,,,,,,,,,,,,2657000000.000,3480000000.000,4330000000.000,3402000000.000,3644000000.000
ElectricalGenerationRevenue,,,,,,,,,,,,,,,,,,,4473000000.000,3234000000.000,4535000000.000,4082000000.000,4560000000.000
ElectricalTransmissionRevenue,-3000000.000,,,,,,,,,,,,,,,,,,,,,,
EmployeeServiceShareBasedCompensationTaxBenefitFromCompensationExpense,,,,,,,,,,,,,,,,,,,-16000000.000,,,,
ExciseAndSalesTaxes,94000000.000,111000000.000,92000000.000,93000000.000,110000000.000,61000000.000,84000000.000,83000000.000,98000000.000,81000000.000,83000000.000,78000000.000,85000000.000,75000000.000,83000000.000,81000000.000,85000000.000,73000000.000,,,,,
ExtinguishmentOfDebtAmount,,,,,,,,,,,,,,,,,,,,,,,11000000.000
FairValueAssetsMeasuredOnRecurringBasisChangeInUnrealizedGainLossIncludedInOtherIncome,,,1000000.000,,,,,,,,,,,,,,,,,,,,
FairValueAssetsMeasuredOnRecurringBasisGainLossIncludedInOtherIncome,,,1000000.000,,,,,,,,,,,,,,,,,,,,
FairValueLiabilitiesMeasuredOnRecurringBasisChangeInUnrealizedGainLossIncludedInOtherIncome,,,,,,,1000000.000,,,,,,,,,,,,,,,,
FairValueLiabilitiesMeasuredOnRecurringBasisGainLossIncludedInOtherIncome,,,,,,,1000000.000,,,,,,,,,,,,,,,,
GainLossOnCashFlowHedgeIneffectivenessNet,,,,,,,,,,,,,,,,,,,2000000.000,4000000.000,6000000.000,2000000.000,4000000.000
GainLossOnContractTermination,,,,,39000000.000,,,-14000000.000,,,,,,,,,,,4000000.000,,,,
GainLossOnDerivativeInstrumentsNetPretax,,,,,,,,,,,,,,,,,15000000.000,,,,,,
GainLossOnInvestments,,,,,,,,,,,,,,,,,,,55000000.000,,,,175000000.000
GainLossOnSaleOfOtherAssets,,,,,,,,,,,,,,,,,,,,,,,4000000.000
GainLossOnSalesOfAssetsAndAssetImpairmentCharges,,,,,,,,,,,,,,,,,,,9000000.000,31000000.000,1000000.000,,4000000.000
GainsLossesOnExtinguishmentOfDebt,,,,,,,,,,,,,,,,,,,-2000000.000,,,,
GainsLossesOnSalesOfAssets,,,,,,,,,,,4000000.000,,,,,,,,,,,,
GasDomesticRegulatedRevenue,,,,,,,,,,,,,,,,,,,444000000.000,197000000.000,137000000.000,388000000.000,553000000.000
GoodwillAcquiredDuringPeriod,,,,,,,,,,,,,,,,,,,4016000000.000,8000000.000,,,
ImpairmentOfLongLivedAssetsHeldForUse,,,,,,,,,,,,,,,,,,,119000000.000,,,,10000000.000
IncomeLossFromContinuingOperations,95000000.000,80000000.000,68000000.000,62000000.000,112000000.000,43000000.000,-430000000.000,38000000.000,110000000.000,392000000.000,75000000.000,53000000.000,79000000.000,35000000.000,,,,,,,,,
IncomeLossFromContinuingOperationsBeforeIncomeTaxesDomestic,,,,,,,,,,,,,,,,,,,310000000.000,415000000.000,871000000.000,393000000.000,
IncomeLossFromContinuingOperationsBeforeIncomeTaxesExtraordinaryItemsNoncontrollingInterest,,,,,,,,,,,121000000.000,98000000.000,113000000.000,48000000.000,83000000.000,80000000.000,140000000.000,144000000.000,,,,,1206000000.000
IncomeLossFromContinuingOperationsPerBasicAndDilutedShare,,0.350,0.300,0.270,0.490,,-1.820,0.160,0.440,1.670,0.300,0.210,0.310,,,,,,,,,,
IncomeLossFromDiscontinuedOperationsNetOfTax,-1000000.000,,,0.000,0.000,,,4000000.000,8000000.000,,,0.000,,,,,,,,,,,
IncomeLossFromDiscontinuedOperationsNetOfTaxPerBasicAndDilutedShare,,,,,,,,0.010,0.040,,,0.000,,,,,,,,,,,
IncomeLossFromEquityMethodInvestments,,-3000000.000,,,,,,,,,,,,,,,,,3000000.000,,,,-10000000.000
IncomeLossFromEquityMethodInvestmentsNetOfDividendsOrDistributions,,,,,,,,,,,,,,,,,,,-3000000.000,-7000000.000,-5000000.000,15000000.000,-10000000.000
IncomeTaxExaminationPenaltiesAndInterestExpense,,,,,,,,,,,,,,,,,,,,,106000000.000,,
IncomeTaxExpenseBenefit,54000000.000,55000000.000,14000000.000,35000000.000,93000000.000,,,32000000.000,65000000.000,,46000000.000,45000000.000,34000000.000,13000000.000,30000000.000,27000000.000,49000000.000,23000000.000,184000000.000,102000000.000,340000000.000,135000000.000,215000000.000
IncomeTaxExpenseBenefitContinuingOperations,54000000.000,55000000.000,14000000.000,35000000.000,93000000.000,14000000.000,135000000.000,,,,,,,,,,,,,,,,
IncomeTaxReconciliationChangeInDeferredTaxAssetsValuationAllowance,,,,,,,101000000.000,,,,,,,,,,,,,,,,
IncomeTaxReconciliationDeductions,,,,,,,,,,,,,,,4000000.000,,2000000.000,,,,,,
IncomeTaxReconciliationDeductionsOther,,,1000000.000,,,,,,,,,,,,,,,,,,,,
IncomeTaxReconciliationDispositionOfAssets,-4000000.000,,,,,,,,,,,,,,,,,,,,,,
IncomeTaxReconciliationIncomeTaxExpenseBenefitAtFederalStatutoryIncomeTaxRate,52000000.000,47000000.000,29000000.000,34000000.000,72000000.000,19000000.000,-103000000.000,25000000.000,61000000.000,167000000.000,42000000.000,34000000.000,40000000.000,17000000.000,29000000.000,28000000.000,49000000.000,50000000.000,,,,,
IncomeTaxReconciliationNondeductibleExpenseDepreciation,,-1000000.000,,,,,,,,,,,,,,,,,,,,,
IncomeTaxReconciliationNondeductibleExpenseLeases,21000000.000,-5000000.000,-1000000.000,-1000000.000,15000000.000,-1000000.000,64000000.000,6000000.000,,,,,,,,,,,,,,,
IncomeTaxReconciliationOtherAdjustments,-3000000.000,4000000.000,,-2000000.000,-2000000.000,,4000000.000,-5000000.000,-3000000.000,3000000.000,,-1000000.000,-4000000.000,,,-1000000.000,-3000000.000,,,,,,
IncomeTaxReconciliationStateAndLocalIncomeTaxes,6000000.000,9000000.000,4000000.000,5000000.000,9000000.000,3000000.000,5000000.000,6000000.000,11000000.000,5000000.000,7000000.000,7000000.000,6000000.000,3000000.000,6000000.000,4000000.000,8000000.000,9000000.000,,,,,
IncomeTaxReconciliationTaxCredits,1000000.000,1000000.000,1000000.000,,,,,,,,,,,,,,,,,,,,
IncomeTaxReconciliationTaxSettlementsDomestic,-17000000.000,,,,,,,,,,,,,,,,,,,,,,
IncomeTaxesPaidNet,,,,,,,-1000000.000,,,,-1000000.000,,,,-14000000.000,,,,,,,,
IncreaseDecreaseCashCollateralFromCounterparties,,,,,,,,,,,,,,,2000000.000,,,,,,,,-110000000.000
IncreaseDecreaseInAccountsPayableAndAccruedLiabilities,,,-60000000.000,,,,-63000000.000,,,,20000000.000,,,,9000000.000,,,,-571000000.000,,,,-623000000.000
IncreaseDecreaseInAccountsReceivable,,,-78000000.000,,,,3000000.000,,,,41000000.000,,,,195000000.000,,,,,,,,
IncreaseDecreaseInAccruedIncomeTaxesPayable,,,-247000000.000,,,,-242000000.000,,,,,,,,,,,,47000000.000,,,,50000000.000
IncreaseDecreaseInIncomeTaxes,,,,,,,,,,,,,,,,,,,270000000.000,,,,
IncreaseDecreaseInIncomeTaxesPayableNetOfIncomeTaxesReceivable,,,,,,,604000000.000,,,,-483000000.000,,,,-2000000.000,,,,,,,,
IncreaseDecreaseInInterestPayableNet,,,33000000.000,,,,37000000.000,,,,34000000.000,,,,28000000.000,,,,,,,,
IncreaseDecreaseInInventories,,,-3000000.000,,,,-3000000.000,,,,-6000000.000,,,,7000000.000,,,,-142000000.000,,,,-109000000.000
IncreaseDecreaseInOtherOperatingCapitalNet,,,2000000.000,,,,5000000.000,,,,,,,,-6000000.000,,,,311000000.000,,,,439000000.000
IncreaseDecreaseInPensionPlanObligations,,,,,,,,,,,,,,,,,,,,,,,92000000.000
IncreaseDecreaseInPostretirementObligations,,,,,,,,,,,,,,,,,,,,,,,57000000.000
IncreaseDecreaseInPrepaidExpense,,,,,,,-10000000.000,,,,8000000.000,,,,3000000.000,,,,,,,,
IncreaseDecreaseInPrepaidPensionCosts,,,-15000000.000,,,,-14000000.000,,,,-14000000.000,,,,-20000000.000,,,,,,,,
IncreaseDecreaseInReceivables,,,,,,,,,,,,,,,,,,,-117000000.000,,,,-313000000.000
IncreaseDecreaseInRegulatoryAssetsAndLiabilities,,,37000000.000,,,,6000000.000,,,,-22000000.000,,,,-38000000.000,,,,,,,,
IncreaseDecreaseInRestrictedCash,,,-1000000.000,,,,-2000000.000,,,,13000000.000,,,,-9000000.000,,,,2000000.000,,,,1000000.000
IncrementalCommonSharesAttributableToShareBasedPaymentArrangements,,,,,,,,,,,,,,,,,,,2000000.000,2000000.000,2000000.000,-3000000.000,2000000.000
InterestExpense,63000000.000,64000000.000,65000000.000,65000000.000,68000000.000,67000000.000,67000000.000,70000000.000,68000000.000,68000000.000,65000000.000,67000000.000,68000000.000,68000000.000,68000000.000,71000000.000,71000000.000,70000000.000,277000000.000,366000000.000,506000000.000,346000000.000,363000000.000
InterestExpenseRelatedParty,,,,,,,,,,,,,,,,,,,10000000.000,10000000.000,10000000.000,11000000.000,10000000.000
InventoryWriteDown,,,,,,,,,,,,,,,,,,,1000000.000,,,,2000000.000
InvestmentIncomeInterest,,,,,,,,,,,,,,,,,,,6000000.000,6000000.000,2000000.000,3000000.000,2000000.000
LeveragedLeasesIncomeStatementIncomeFromLeveragedLeases,14000000.000,7000000.000,13000000.000,13000000.000,13000000.000,11000000.000,5000000.000,2000000.000,,,,,,,,,,,,,,,
LeveragedLeasesIncomeStatementIncomeTaxExpenseOnLeveragedLeases,7000000.000,-3000000.000,1000000.000,3000000.000,3000000.000,3000000.000,48000000.000,6000000.000,,,,,,,,,,,,,,,
LeveragedLeasesIncomeStatementNetIncomeFromLeveragedLeases,7000000.000,10000000.000,12000000.000,10000000.000,10000000.000,8000000.000,-320000000.000,-4000000.000,,,,,,,,,,,,,,,
LitigationSettlementExpense,,,,,,,,,,,875000.000,,,,,,,,,,,,
LossContingencyDamagesSoughtValue,,,,,,,,,,,250000.000,,,,,,,,,,,,
LossContingencyLossInPeriod,,,,,,,,,,,,,,,,,,,,,,,0.000
MinorityInterestPeriodIncreaseDecrease,,,,,,,,,,,,,,,,,,,,,,,2000000.000
NetCashProvidedByUsedInFinancingActivities,,,213000000.000,,,,542000000.000,,,,100000000.000,,,,205000000.000,,,,1533000000.000,,,,1184000000.000
NetCashProvidedByUsedInFinancingActivitiesContinuingOperations,,,213000000.000,,,,542000000.000,,,,100000000.000,,,,205000000.000,,,,1533000000.000,,,,1184000000.000
NetCashProvidedByUsedInInvestingActivities,,,-281000000.000,,,,-296000000.000,,,,-285000000.000,,,,-235000000.000,,,,-8548000000.000,,,,-2411000000.000
NetCashProvidedByUsedInInvestingActivitiesContinuingOperations,,,-281000000.000,,,,-296000000.000,,,,-285000000.000,,,,-235000000.000,,,,-8548000000.000,,,,-2411000000.000
NetCashProvidedByUsedInOperatingActivities,,,23000000.000,,,,-146000000.000,,,,284000000.000,,,,157000000.000,,,,1473000000.000,,,,1201000000.000
NetCashProvidedByUsedInOperatingActivitiesContinuingOperations,,,23000000.000,,,,-146000000.000,,,,284000000.000,,,,157000000.000,,,,1473000000.000,,,,1201000000.000
NetIncomeLoss,94000000.000,80000000.000,68000000.000,62000000.000,112000000.000,43000000.000,-430000000.000,42000000.000,118000000.000,58000000.000,75000000.000,53000000.000,79000000.000,35000000.000,53000000.000,53000000.000,91000000.000,130000000.000,,,,,
NetIncomeLossAvailableToCommonStockholdersBasic,,,,,,,,,,,,,,,,,,,173000000.000,267000000.000,490000000.000,204000000.000,995000000.000
NoncashMergerRelatedCosts,,,,,,,,,,,,,,,,,,,503000000.000,,,,
NonoperatingIncomeExpense,-53000000.000,-60000000.000,-57000000.000,-55000000.000,-59000000.000,-58000000.000,-59000000.000,-62000000.000,-60000000.000,-58000000.000,-52000000.000,-53000000.000,-53000000.000,-66000000.000,-59000000.000,-59000000.000,-43000000.000,-65000000.000,-173000000.000,-232000000.000,-396000000.000,-322000000.000,-90000000.000
OperatingExpenses,,,,,,,,,,,,,,,,,1179000000.000,,,,,,
OperatingIncomeLoss,202000000.000,195000000.000,139000000.000,152000000.000,264000000.000,115000000.000,-236000000.000,132000000.000,235000000.000,537000000.000,173000000.000,151000000.000,166000000.000,114000000.000,142000000.000,139000000.000,183000000.000,209000000.000,483000000.000,647000000.000,1267000000.000,715000000.000,1296000000.000
OtherComprehensiveIncomeAmortizationOfDefinedBenefitPlanNetPriorServiceCostCreditRecognizedInNetPeriodicBenefitCostBeforeTax,-5000000.000,2000000.000,1000000.000,,,,,,,,,,,,,,,,,,,,
OtherComprehensiveIncomeDefinedBenefitPlanNetPriorServiceCostCreditArisingDuringPeriodBeforeTax,,4000000.000,,,,,,,,,,,,,,,,,,,,,
OtherComprehensiveIncomeDerivativesQualifyingAsHedgesBeforeTaxPeriodIncreaseDecrease,22000000.000,16000000.000,13000000.000,,,,,,,,,,,,,,,,,,,,
OtherComprehensiveIncomeForeignCurrencyTransactionAndTranslationGainLossArisingDuringPeriodNetOfTax,,,,,,,,,,,,,,,,,,,6000000.000,0.000,2000000.000,2000000.000,-1000000.000
OtherComprehensiveIncomeLossAmortizationAdjustmentFromAOCIPensionAndOtherPostretirementBenefitPlansForNetPriorServiceCostCreditNetOfTax,,,,,,,,,,,,,,,,,,,-12000000.000,-12000000.000,-12000000.000,-12000000.000,-13000000.000
OtherComprehensiveIncomeLossAmortizationAdjustmentFromAOCIPensionAndOtherPostretirementBenefitPlansForNetPriorServiceCostCreditTax,,,,,,,,,,,,,,,,,,,7000000.000,7000000.000,7000000.000,,
OtherComprehensiveIncomeLossAmortizationPensionAndOtherPostretirementBenefitPlansNetPriorServiceCostRecognizedInNetPeriodicBenefitCostBeforeTax,,,,6000000.000,-1000000.000,,,,,,,,,,,,,,,,,,
OtherComprehensiveIncomeLossAvailableForSaleSecuritiesAdjustmentNetOfTax,,,,,,,,,,,,,,,,,,,,,,,1000000.000
OtherComprehensiveIncomeLossBeforeReclassificationsNetOfTax,,,,,,,,,,,,,,,,,,,59000000.000,,,,
OtherComprehensiveIncomeLossBeforeTax,,,,6000000.000,8000000.000,,5000000.000,,1000000.000,,1000000.000,-3000000.000,2000000.000,-19000000.000,2000000.000,3000000.000,3000000.000,,,,,,
OtherComprehensiveIncomeLossBeforeTaxPeriodIncreaseDecrease,17000000.000,15000000.000,14000000.000,,,,,,,,,,,,,,,,,,,,
OtherComprehensiveIncomeLossDerivativesQualifyingAsHedgesBeforeTax,,,,12000000.000,6000000.000,,,,,,,,,,,,,,,,,,
OtherComprehensiveIncomeLossNetOfTax,,,,4000000.000,4000000.000,,3000000.000,,1000000.000,,1000000.000,-2000000.000,2000000.000,-13000000.000,1000000.000,3000000.000,1000000.000,5000000.000,28000000.000,31000000.000,36000000.000,-131000000.000,-12000000.000
OtherComprehensiveIncomeLossNetOfTaxPeriodIncreaseDecrease,10000000.000,9000000.000,8000000.000,,,,,,,,,,,,,,,,,,,,
OtherComprehensiveIncomeLossPensionAndOtherPostretirementBenefitPlansAdjustmentBeforeTax,,,,,,,-2000000.000,1000000.000,-1000000.000,-11000000.000,1000000.000,-3000000.000,2000000.000,-20000000.000,,,,,,,,,
OtherComprehensiveIncomeLossPensionAndOtherPostretirementBenefitPlansAdjustmentNetOfTax,,,,,,,,,,,,,,,,,,,,,,,-59000000.000
OtherComprehensiveIncomeLossReclassificationAdjustmentFromAOCIOnDerivativesBeforeTax,,,,,,,,,,,,,,,0.000,0.000,-1000000.000,0.000,,,,,
OtherComprehensiveIncomeLossReclassificationAdjustmentFromAOCIPensionAndOtherPostretirementBenefitPlansBeforeTax,,,,,,,,,,,,,,,2000000.000,3000000.000,2000000.000,8000000.000,,,,,
OtherComprehensiveIncomeLossReclassificationAdjustmentFromAOCIPensionAndOtherPostretirementBenefitPlansForNetGainLossNetOfTax,,,,,,,,,,,,,,,,,,,-46000000.000,-46000000.000,-47000000.000,-45000000.000,49000000.000
OtherComprehensiveIncomeLossReclassificationAdjustmentFromAOCIPensionAndOtherPostretirementBenefitPlansForNetGainLossTax,,,,,,,,,,,,,,,,,,,30000000.000,30000000.000,29000000.000,,
OtherComprehensiveIncomeLossReclassificationAdjustmentOnDerivativesIncludedInNetIncomeBeforeTax,,,,12000000.000,6000000.000,,3000000.000,,,,,,,,,,,,,,,,
OtherComprehensiveIncomeLossReclassificationAdjustmentOnDerivativesIncludedInNetIncomeTax,,,,6000000.000,2000000.000,,,,,,,,,,,,,,,,,,
OtherComprehensiveIncomeLossTax,7000000.000,6000000.000,6000000.000,2000000.000,4000000.000,-2000000.000,2000000.000,,,,,-1000000.000,,,1000000.000,,2000000.000,,-17000000.000,-21000000.000,-23000000.000,91000000.000,-28000000.000
OtherComprehensiveIncomeReclassificationAdjustmentOnDerivativesIncludedInNetIncomeBeforeTax,19000000.000,16000000.000,13000000.000,,,,,,,,,,,,,,,,,,,,
OtherComprehensiveIncomeUnrealizedGainLossOnDerivativesArisingDuringPeriodBeforeTax,3000000.000,,,,,,3000000.000,,,,,,,,,,,,,,,,
OtherComprehensiveIncomeUnrealizedGainLossOnDerivativesArisingDuringPeriodNetOfTax,,,,,,,,,,,,,,,,,,,-7000000.000,0.000,3000000.000,6000000.000,-6000000.000
OtherComprehensiveIncomeUnrealizedGainLossOnDerivativesArisingDuringPeriodTax,,,,,,,,,,,,,,,,,,,3000000.000,2000000.000,-1000000.000,-4000000.000,
OtherComprehensiveIncomeUnrealizedHoldingGainLossOnSecuritiesArisingDuringPeriodNetOfTax,,,,,,,,,,,,,,,,,,,-1000000.000,2000000.000,0.000,-5000000.000,-3000000.000
OtherComprehensiveIncomeUnrealizedHoldingGainLossOnSecuritiesArisingDuringPeriodTax,,,,,,,,,,,,,,,,,,,1000000.000,-1000000.000,-1000000.000,,
OtherCostAndExpenseOperating,,,,,,,,,,,,,,,,,,,2835000000.000,2505000000.000,2338000000.000,2370000000.000,2460000000.000
OtherCostOfServices,43000000.000,42000000.000,45000000.000,49000000.000,38000000.000,38000000.000,40000000.000,35000000.000,37000000.000,34000000.000,46000000.000,61000000.000,54000000.000,46000000.000,45000000.000,49000000.000,37000000.000,44000000.000,,,,,
OtherDepreciationAndAmortization,,,,,,,,,,,,,,,,,,,685000000.000,941000000.000,1195000000.000,1115000000.000,896000000.000
OtherInterestAndDividendIncome,,,,,,,,,,,,1000000.000,,,,,,,,,,,
OtherNoncashIncomeExpense,,,4000000.000,,,,3000000.000,,,,4000000.000,,,,,,,,-804000000.000,,,,-118000000.000
OtherNonoperatingIncome,10000000.000,7000000.000,8000000.000,10000000.000,9000000.000,8000000.000,8000000.000,8000000.000,8000000.000,8000000.000,13000000.000,13000000.000,15000000.000,3000000.000,9000000.000,,,,4000000.000,6000000.000,7000000.000,7000000.000,10000000.000
OtherNonoperatingIncomeExpense,,,8000000.000,10000000.000,9000000.000,,,,,,,13000000.000,15000000.000,,9000000.000,12000000.000,28000000.000,5000000.000,114000000.000,144000000.000,120000000.000,35000000.000,283000000.000
OtherOperatingIncome,,,,,,,,,,,,,,,,,,,222000000.000,-434000000.000,386000000.000,37000000.000,250000000.000
PaymentOfFinancingAndStockIssuanceCosts,,,3000000.000,,,,16000000.000,,,,7000000.000,,,,4000000.000,,,,,,,,
PaymentsForProceedsFromOtherInvestingActivities,,,-2000000.000,,,,3000000.000,,,,-3000000.000,,,,-2000000.000,,,,2000000.000,,,,18000000.000
PaymentsForRemovalCosts,,2000000.000,,,,,,,,,,,,,,,,,,,,,
PaymentsForRestructuring,,,,,,,,,,,,,,,,,,,-4000000.000,,,,
PaymentsOfDividendsCommonStock,,,61000000.000,,,,67000000.000,,,,68000000.000,,,,68000000.000,,,,287000000.000,,,,303000000.000
PaymentsToAcquireBusinessesGross,,,,,,,,,,,,,,,,,,,6645000000.000,,,,212000000.000
PaymentsToAcquireOtherInvestments,,,,,,,,,,,,,,,,,,,2297000000.000,,,,1833000000.000
PaymentsToAcquireOtherReceivables,,,,,,,,,,,,,,,,,,,,,,,305000000.000
PaymentsToAcquirePropertyPlantAndEquipment,,,291000000.000,,,,296000000.000,,,,282000000.000,,,,246000000.000,,,,2202000000.000,,,,2114000000.000
PensionAndOtherPostretirementBenefitContributions,,,,30000000.000,28000000.000,,25000000.000,,,,,,,,,,,,239000000.000,,,,307000000.000
PensionAndOtherPostretirementBenefitExpense,,,,,,,,,,,,,,,,,,,136000000.000,160000000.000,,,157000000.000
PensionContributions,,,200000000.000,,,,60000000.000,,,,,,,,,,,,,,,,
PreferredStockDividendRatePercentage,,,,,,,,,,,,,,,,,,,,,0.070,,
ProceedsFromIssuanceOfCommonStock,,,,,,,324000000.000,,,,,,,,,,,,,,,,
ProceedsFromIssuanceOfLongTermDebt,,,,,,,250000000.000,,,,400000000.000,,,,208000000.000,,,,151000000.000,,,,763000000.000
ProceedsFromIssuanceOfPreferredStockAndPreferenceStock,,,,,,,,,,,,,,,18000000.000,,,,,,,,
ProceedsFromIssuanceOrSaleOfEquity,,,,,,,312000000.000,,,,,,,,,,,,,,,,
ProceedsFromLeasesHeldForInvestment,,,,,202000000.000,,,,,,,,,,,,,,,,,,
ProceedsFromPaymentsForOtherFinancingActivities,,,16000000.000,,,,-30000000.000,,,,3000000.000,,,,-9000000.000,,,,6000000.000,,,,-4000000.000
ProceedsFromRepaymentsOfRestrictedCashFinancingActivities,,,,,,,,,,,-175000000.000,,,,,,,,,,,,
ProceedsFromRepaymentsOfShortTermDebt,,,253000000.000,,,,26000000.000,,,,-56000000.000,,,,74000000.000,,,,,,,,
ProceedsFromRepaymentsOfShortTermDebtMaturingInThreeMonthsOrLess,,,,,,,,,,,,,,,,,,,1647000000.000,,,,721000000.000
ProceedsFromSaleAndMaturityOfOtherInvestments,,,,,,,,,,,,,,,,,,,2240000000.000,,,,1767000000.000
ProceedsFromSaleOfProductiveAssets,,,,,,,,,,,4000000.000,,,,,,,,,,,,
ProceedsFromSaleOfPropertyHeldForSale,,,,,,,,,,,,,,,,,,,0.000,,,,
ProceedsFromShortTermDebtMaturingInMoreThanThreeMonths,,,,,,,,,,,,,,,,,,,123000000.000,,,,560000000.000
ProceedsFromStockPlans,,,,,,,,,,,,,,,,,,,9000000.000,,,,12000000.000
ProfitLoss,,,68000000.000,62000000.000,112000000.000,,,,,,,,,,,,,,123000000.000,306000000.000,526000000.000,249000000.000,981000000.000
ProvisionForDoubtfulAccounts,,,,,,,,,,,,,,,,,,,41000000.000,,,,34000000.000
PublicUtilitiesAllowanceForFundsUsedDuringConstructionCapitalizedCostOfEquity,,,,,,,,,,,,,,,,,,,8000000.000,15000000.000,19000000.000,22000000.000,17000000.000
ReclassificationFromAccumulatedOtherComprehensiveIncomeCurrentPeriodNetOfTax,,,,,,,,,,,,,,,,,,,31000000.000,,,,
RecoveryOfDirectCosts,,,-7000000.000,,,,1000000.000,,,,-3000000.000,,,,,,,,,,,,
RegulatedOperatingRevenue,,,,,,,,,,,,,,,,,,,3100000000.000,3676000000.000,4467000000.000,3793000000.000,4197000000.000
RepaymentsOfLongTermDebt,,,9000000.000,,,,10000000.000,,,,10000000.000,,,,22000000.000,,,,116000000.000,,,,65000000.000
RepaymentsOfShortTermDebtMaturingInMoreThanThreeMonths,,,,,,,,,,,,,,,,,,,,,,,500000000.000
RestructuringReserveSettledWithCash,,1000000.000,,,,,,,,,,,,,,,,,,,,,
RevenueFromPurchasedOilAndGas,,,,,,,,,,,,,,,,,,,822000000.000,367000000.000,326000000.000,631000000.000,918000000.000
RevenueFromRelatedParties,,,,,,,,,,,,,,,,,,,,1000000.000,1000000.000,,
Revenues,1409000000.000,1643000000.000,1292000000.000,1179000000.000,1476000000.000,1134000000.000,852000000.000,1053000000.000,1344000000.000,1417000000.000,1330000000.000,1117000000.000,1313000000.000,1118000000.000,1371000000.000,1140000000.000,1362000000.000,1150000000.000,7573000000.000,6910000000.000,9002000000.000,7875000000.000,8757000000.000
SalesRevenueFromEnergyCommoditiesAndServices,308000000.000,312000000.000,228000000.000,185000000.000,131000000.000,118000000.000,97000000.000,49000000.000,,,,,,,,,,,,,,,
SalesRevenueNet,1409000000.000,1643000000.000,1292000000.000,1179000000.000,1476000000.000,1134000000.000,852000000.000,1053000000.000,1344000000.000,1417000000.000,1330000000.000,1117000000.000,1313000000.000,1118000000.000,1371000000.000,1140000000.000,1362000000.000,1150000000.000,7351000000.000,7344000000.000,8616000000.000,7838000000.000,8507000000.000
SalesRevenueServicesGross,,,,,,,,,,,,,,,,,,,-1000000.000,-1000000.000,0.000,9000000.000,0.000
SegmentReportingInformationDepreciationDepletionAndAmortizationExpense,105000000.000,,,,,,,,,,,,,,,,,,,,,,
SeveranceCosts1,,,,,,,,,,,,,,,,,,,,2000000.000,8000000.000,,4000000.000
ShareBasedCompensation,,,,,,,,,,,,,,,,,,,44000000.000,,,,31000000.000
StockIssued1,,,,,,,,,,,,,,,,,,,,,,,2000000.000
StockIssuedDuringPeriodSharesEmployeeStockPurchasePlans,,,,,,,,,,,,,,,,,,,351000.000,,,,323000.000
StockIssuedDuringPeriodSharesShareBasedCompensationGross,,,,,,,,,,,,,,,,,,,,,,,1739000.000
StockIssuedDuringPeriodValueDividendReinvestmentPlan,,,8000000.000,8000000.000,8000000.000,8000000.000,8000000.000,7000000.000,8000000.000,7000000.000,8000000.000,7000000.000,7000000.000,6000000.000,7000000.000,6000000.000,,,,,,,
StockIssuedDuringPeriodValueEmployeeStockPurchasePlan,,,,,,,,,,,,,,,,,,,9000000.000,,,,12000000.000
StockIssuedDuringPeriodValueNewIssues,,,9000000.000,3000000.000,4000000.000,3000000.000,321000000.000,2000000.000,3000000.000,6000000.000,3000000.000,4000000.000,3000000.000,4000000.000,4000000.000,4000000.000,4000000.000,3000000.000,,,,,
StockIssuedDuringPeriodValueShareBasedCompensationGross,,,,,,,,,,,,,,,,,,,,,,,1000000.000
StockRedeemedOrCalledDuringPeriodShares,,,,,,,,,,,,,,,,,,,,,600000.000,,
TaxAdjustmentsSettlementsAndUnusualProvisions,,,,,,,,,,,,,,,,,,,300000000.000,,,,
TaxesExcludingIncomeAndExciseTaxes,109000000.000,126000000.000,104000000.000,105000000.000,121000000.000,102000000.000,105000000.000,101000000.000,119000000.000,103000000.000,104000000.000,102000000.000,109000000.000,98000000.000,109000000.000,104000000.000,,,325000000.000,394000000.000,449000000.000,408000000.000,436000000.000
TaxesOther,,,,,,,,,,,,,,,,,114000000.000,,,,,,
UnrealizedGainLossOnCommodityContracts,,,,,,,,,,,,,,,,,,,,-197000000.000,207000000.000,,
UnrealizedGainLossOnDerivatives,,-5000000.000,,,,,,,,,,,,,,,,,107000000.000,,,,-47000000.000
UnrealizedGainLossOnDerivativesAndCommodityContracts,,,,,,,,,,,,,,,,,,,,,,,-49000000.000
UnrecognizedTaxBenefitsIncomeTaxPenaltiesExpense,,,,,,,,,,,,,,,,,,,90000000.000,,90000000.000,,
UnrecognizedTaxBenefitsIncreasesResultingFromSettlementsWithTaxingAuthorities,,,,,,,,,,,,,,,,,,,,,,,21000000.000
UnrecognizedTaxBenefitsPeriodIncreaseDecrease,,,,,,,,,,,,,,,,,,,,328000000.000,328000000.000,,76000000.000
UtilitiesOperatingExpenseMaintenanceAndOperations,,,,,,,,,,,,,,,,2000000.000,2000000.000,,,,,,
UtilitiesOperatingExpenseMaintenanceOperationsAndOtherCostsAndExpenses,,239000000.000,225000000.000,224000000.000,230000000.000,232000000.000,230000000.000,213000000.000,208000000.000,200000000.000,216000000.000,221000000.000,242000000.000,245000000.000,267000000.000,248000000.000,257000000.000,244000000.000,,,,,
UtilitiesOperatingExpensePurchasedPower,,,,,,,,,,,614000000.000,463000000.000,545000000.000,458000000.000,619000000.000,452000000.000,580000000.000,446000000.000,,,,,
UtilitiesOperatingExpenseTaxes,,,,,,,,,,,,,,,,,,,,217000000.000,255000000.000,,224000000.000
UtilityRevenue,1093000000.000,1329000000.000,1055000000.000,984000000.000,1335000000.000,1004000000.000,1124000000.000,1006000000.000,,,,,,,,,,,,,,,
VariableInterestEntityFinancialOrOtherSupportAmount,,,,,,,,,,,,,,,,,,,14000000.000,,,,27000000.000
WeightedAverageNumberDilutedSharesOutstandingAdjustment,,,,1000000.000,2000000.000,,,,,,,1000000.000,,,0.000,1000000.000,,,,,,,
WeightedAverageNumberOfDilutedSharesOutstanding,226000000.000,226000000.000,228000000.000,229000000.000,231000000.000,-458000000.000,237000000.000,249000000.000,249000000.000,-489000000.000,251000000.000,252000000.000,252000000.000,-503000000.000,253000000.000,254000000.000,254000000.000,-507000000.000,925000000.000,926000000.000,927000000.000,-1851000000.000,930000000.000
WeightedAverageNumberOfSharesOutstandingBasic,226000000.000,226000000.000,228000000.000,228000000.000,229000000.000,-456000000.000,237000000.000,249000000.000,249000000.000,-489000000.000,251000000.000,251000000.000,252000000.000,-503000000.000,253000000.000,253000000.000,254000000.000,-507000000.000,923000000.000,924000000.000,925000000.000,-1848000000.000,928000000.000
