,2011-03-31,2011-06-30,2011-09-30,2011-12-31,2012-03-31,2012-06-30,2012-09-30,2012-12-31,2013-03-31,2013-06-30,2013-09-30,2013-12-31,2014-03-31,2014-06-30,2014-09-30,2014-12-31,2015-03-31,2015-06-30,2015-09-30,2015-12-31,2016-03-31,2016-06-30,2016-09-30,2016-12-31,2017-03-31
AllocatedShareBasedCompensationExpense,,3283000.000,3643000.000,,3545000.000,3539000.000,3595000.000,,3256000.000,3304000.000,3492000.000,,3219000.000,3391000.000,3738000.000,3756000.000,3680000.000,3875000.000,4099000.000,7316000.000,4519000.000,4561000.000,3757000.000,1192000.000,4131000.000
AmortizationOfAcquisitionCosts,,,,,,,,,,,,,,,,,,,1828000.000,,5131000.000,5131000.000,5117000.000,5099000.000,4758000.000
AmortizationOfDebtDiscountPremium,,2027000.000,2021000.000,,,,,,,,,,,,,,,,,,,,,,
AmortizationOfIntangibleAssets,,,,,,,,,2000000.000,2000000.000,2000000.000,2078000.000,2000000.000,2000000.000,2000000.000,1914000.000,2000000.000,2000000.000,2000000.000,2596000.000,5100000.000,5200000.000,5100000.000,5083000.000,4758000.000
AntidilutiveSecuritiesExcludedFromComputationOfEarningsPerShareAmount,,,,,,,,,,,,,,,,,,,2000000.000,,2600000.000,1900000.000,1700000.000,-4800000.000,800000.000
BusinessAcquisitionProFormaEarningsPerShareBasic,,,,,,,,,-0.130,,,,,,,,,,,,,,,,
BusinessAcquisitionProFormaEarningsPerShareDiluted,,,,,,,,,-0.130,,,,,,,,,,,,,,,,
BusinessAcquisitionsProFormaNetIncomeLoss,,,,,,,,,-5753000.000,,,,,,,,,,,,,,,,
BusinessAcquisitionsProFormaRevenue,,,,,,,,,198065000.000,,,,,,,,,,,,,,,,
BusinessCombinationProFormaInformationEarningsOrLossOfAcquireeSinceAcquisitionDateActual,,,,,,,,,-1000000.000,,,,,,,,,,,,,,,,
BusinessCombinationProFormaInformationRevenueOfAcquireeSinceAcquisitionDateActual,,,,,,,1000000.000,,15000000.000,,,,,,,,,,,,,,,,
BusinessCombinationStepAcquisitionEquityInterestInAcquireeRemeasurementGain,,,,,,,2000000.000,,,,,,,,,,,,,,,,,,
CapitalExpendituresIncurredButNotYetPaid,-6166000.000,,,,-3807000.000,,,,2999000.000,,,,-547000.000,,,,10281000.000,,,,,,,,
CashAcquiredFromAcquisition,,,,,,,,,-29819000.000,,,,0.000,,,,,,,,,,,,
CashAndCashEquivalentsPeriodIncreaseDecrease,7839000.000,,,,47218000.000,,,,43084000.000,,,,15007000.000,,,,-20887000.000,,,,18571000.000,,,,17317000.000
ComprehensiveIncomeNetOfTax,,17305000.000,-678000.000,,5844000.000,2121000.000,13801000.000,4292000.000,-10940000.000,10435000.000,21915000.000,-5396000.000,7611000.000,19281000.000,5648000.000,7110000.000,2661000.000,24832000.000,-7608000.000,-11625000.000,1071000.000,-9988000.000,2264000.000,-5662000.000,12042000.000
ComprehensiveIncomeNetOfTaxAttributableToNoncontrollingInterest,,742000.000,750000.000,,698000.000,1046000.000,383000.000,,-351000.000,405000.000,271000.000,,244000.000,466000.000,705000.000,540000.000,645000.000,780000.000,798000.000,16000.000,248000.000,644000.000,886000.000,764000.000,325000.000
ComprehensiveIncomeNetOfTaxIncludingPortionAttributableToNoncontrollingInterest,,18047000.000,72000.000,,6542000.000,3167000.000,14184000.000,3995000.000,-11291000.000,10840000.000,22186000.000,-8149000.000,7855000.000,19747000.000,6353000.000,7650000.000,3306000.000,25612000.000,-6810000.000,-11609000.000,1319000.000,-9344000.000,3150000.000,-4898000.000,12367000.000
CostOfGoodsAndServicesSold,104162000.000,114191000.000,115383000.000,107818000.000,110957000.000,118211000.000,123012000.000,120040000.000,130781000.000,153086000.000,154951000.000,150192000.000,148405000.000,,,,,,,,,,,,
CostOfGoodsSold,,,,,,,,,,,,,,152913000.000,159045000.000,,142269000.000,150016000.000,147252000.000,160784000.000,158518000.000,161828000.000,170071000.000,164822000.000,162392000.000
DebtInstrumentConvertibleInterestExpense,,754000.000,755000.000,,,,,,,,,,,,,,,,,,,,,,
DefinedBenefitPlanAssumptionsUsedCalculatingNetPeriodicBenefitCostDiscountRate,,,,,0.051,,,,0.046,,,,0.046,,,,,,,,,,,,
DefinedBenefitPlanAssumptionsUsedCalculatingNetPeriodicBenefitCostExpectedLongTermReturnOnAssets,,,,,0.056,,,,0.055,,,,0.059,,,,,,,,,,,,
DefinedBenefitPlanNetPeriodicBenefitCost,,,,,0.000,,,,0.000,0.000,,,0.000,0.000,,,,,,,,,,,
EarningsPerShareBasic,0.440,0.400,0.220,0.060,0.110,0.150,0.190,0.080,-0.040,0.190,0.290,0.130,0.220,0.370,0.410,0.350,0.230,0.310,0.060,-0.100,-0.040,0.120,0.220,0.030,0.030
EarningsPerShareDiluted,0.420,0.380,0.210,0.080,0.100,0.140,0.180,0.090,-0.040,0.180,0.280,0.140,0.210,0.360,0.400,0.340,0.230,0.310,0.060,-0.110,-0.040,0.120,0.210,0.030,0.020
EffectOfExchangeRateOnCashAndCashEquivalents,2689000.000,,,,664000.000,,,,-268000.000,,,,-2982000.000,,,,-3664000.000,,,,1671000.000,,,,2426000.000
EffectiveIncomeTaxRateContinuingOperations,,,,,0.100,,,,1.530,,,,0.200,,,,0.262,,,,0.271,,,,0.266
EffectiveIncomeTaxRateReconciliationAtFederalStatutoryIncomeTaxRate,,,,,,,,,,,,,,,,,0.350,,,,0.350,0.350,,,0.350
FairValueOptionChangesInFairValueGainLoss,,,,,389000.000,,,,,,,,,,,,,,,,,,,,
FiniteLivedIntangibleAssetsAmortizationExpense,,1000000.000,1000000.000,,1000000.000,1000000.000,1000000.000,2000000.000,,,,,,,,,,,,,,,,,
FiniteLivedIntangibleAssetsTranslationAdjustments,,,,,,,,,,,,,,,,,-7794000.000,,,,,,,,
ForeignCurrencyTransactionGainLossBeforeTax,,1000000.000,1000000.000,,,,,,,,,,,,,,,,,,,,,,-3794000.000
ForeignCurrencyTransactionGainLossUnrealized,,,,,,,,,,,,,,,,,,,-343000.000,,-3000.000,20000.000,-359000.000,-22448000.000,9442000.000
GainLossOnDispositionOfAssets,,,,,,,,,,,,,,,,,,,-1421000.000,,,,,,
GainLossOnForeignCurrencyDerivativesRecordedInEarningsNet,,,,,,,,,0.000,,,,,,,,,,,,,,,,
GoodwillAcquiredDuringPeriod,,,,,,,,,2192000.000,,,,,,,,,,,,,,,,
GoodwillForeignCurrencyTranslationGainLoss,,,,,,,,,,,,,,,,,,,,,,,,,1647000.000
GoodwillOtherChanges,,,,,1606000.000,,,,,,,,,,,,,,,,,,,,
GoodwillTranslationAdjustments,,,,,,,,,-3151000.000,,,,-206000.000,,,,-1564000.000,,,,-834000.000,,,,
GrossProfit,57393000.000,55615000.000,45194000.000,35495000.000,33706000.000,41028000.000,43605000.000,43247000.000,46183000.000,61293000.000,69559000.000,60801000.000,61581000.000,70304000.000,74732000.000,70662000.000,63913000.000,69437000.000,61636000.000,53597000.000,64220000.000,74817000.000,80623000.000,67263000.000,73911000.000
IncomeLossFromContinuingOperationsBeforeIncomeTaxesDomestic,,,,,-7000000.000,,,,-6000000.000,,,,2000000.000,1000000.000,-3000000.000,392000.000,-6000000.000,3000000.000,-3000000.000,-15091000.000,-10000000.000,,,,-13211000.000
IncomeLossFromContinuingOperationsBeforeIncomeTaxesExtraordinaryItemsNoncontrollingInterest,,,,,,,,,,,,,,,,,,,10228000.000,,-2037000.000,8792000.000,15631000.000,2649000.000,2102000.000
IncomeLossFromContinuingOperationsBeforeIncomeTaxesForeign,,,,,13000000.000,,,,10000000.000,,,,11000000.000,23000000.000,29000000.000,22600000.000,22000000.000,18000000.000,13000000.000,8686000.000,7700000.000,,,,15313000.000
IncomeLossFromContinuingOperationsBeforeIncomeTaxesMinorityInterestAndIncomeLossFromEquityMethodInvestments,25099000.000,23441000.000,11066000.000,4058000.000,6187000.000,8555000.000,9445000.000,6620000.000,4297000.000,10515000.000,17494000.000,6279000.000,12993000.000,23502000.000,26304000.000,23193000.000,15964000.000,21257000.000,,,,,,,
IncomeTaxExaminationPenaltiesFromExamination,,,,,,,,,5000000.000,,,,,,,,,,,,,,,,
IncomeTaxExpenseBenefit,4835000.000,4718000.000,359000.000,245000.000,618000.000,856000.000,509000.000,2842000.000,6574000.000,1475000.000,3604000.000,2828000.000,2547000.000,5651000.000,6172000.000,5989000.000,4187000.000,5399000.000,6593000.000,-2097000.000,-552000.000,2396000.000,4097000.000,617000.000,560000.000
IncomeTaxHolidayAggregateDollarAmount,,,,,2000000.000,,,,1000000.000,,,,1000000.000,,,,1000000.000,,,,800000.000,,,,963000.000
IncreaseDecreaseInRestrictedCash,,,,,,,,,,,,,,,,,-486000.000,,,,-3000.000,,,,-854000.000
IncrementalCommonSharesAttributableToShareBasedPaymentArrangements,,1823000.000,1490000.000,,1475000.000,1217000.000,998000.000,-2571000.000,0.000,1359000.000,1418000.000,-1482000.000,1297000.000,1534000.000,1188000.000,-2609000.000,1311000.000,1174000.000,978000.000,-2173000.000,,1117000.000,1108000.000,,1347000.000
IndefiniteLivedIntangibleAssetsTranslationAdjustments,,,,,,,,,,,,,,,,,-787000.000,,,,,,,,
InterestAndDividendIncomeSecuritiesOther,,,,,,,,,,,,,,,,,,,,,456000.000,298000.000,321000.000,282000.000,295000.000
InterestExpense,,,,,,,,,,,,,,,,,,,,,2512000.000,3684000.000,3684000.000,3377000.000,3485000.000
NetCashProvidedByUsedInFinancingActivities,2480000.000,,,,42765000.000,,,,145276000.000,,,,-20322000.000,,,,-17612000.000,,,,-17264000.000,,,,-10340000.000
NetCashProvidedByUsedInFinancingActivitiesContinuingOperations,2480000.000,,,,42765000.000,,,,145276000.000,,,,-20322000.000,,,,-17612000.000,,,,-17264000.000,,,,-10340000.000
NetCashProvidedByUsedInInvestingActivities,-13060000.000,,,,-9658000.000,,,,-133252000.000,,,,-7807000.000,,,,-38179000.000,,,,8711000.000,,,,-20395000.000
NetCashProvidedByUsedInInvestingActivitiesContinuingOperations,-13060000.000,,,,-9658000.000,,,,-133252000.000,,,,-7807000.000,,,,-38179000.000,,,,8711000.000,,,,-20395000.000
NetCashProvidedByUsedInOperatingActivities,15730000.000,,,,13447000.000,,,,31328000.000,,,,46118000.000,,,,38568000.000,,,,25453000.000,,,,45626000.000
NetCashProvidedByUsedInOperatingActivitiesContinuingOperations,15730000.000,,,,13447000.000,,,,31328000.000,,,,46118000.000,,,,38568000.000,,,,25453000.000,,,,45626000.000
NetIncomeLoss,19684000.000,17981000.000,9957000.000,3115000.000,4871000.000,6653000.000,8553000.000,4075000.000,-1926000.000,8635000.000,13619000.000,6204000.000,10202000.000,17385000.000,19427000.000,16664000.000,11132000.000,15078000.000,2837000.000,-4773000.000,-1733000.000,5752000.000,10648000.000,1268000.000,1217000.000
NetIncomeLossAttributableToNoncontrollingInterest,580000.000,742000.000,750000.000,698000.000,698000.000,1046000.000,383000.000,-297000.000,-351000.000,405000.000,271000.000,-2753000.000,244000.000,466000.000,705000.000,540000.000,645000.000,780000.000,798000.000,16000.000,248000.000,644000.000,886000.000,764000.000,325000.000
NoncashOrPartNoncashAcquisitionNetNonmonetaryAssetsAcquiredLiabilitiesAssumed1,,,,,,,,,124916000.000,,,,0.000,,,,,,,,,,,,
NoncashOrPartNoncashAcquisitionValueOfAssetsAcquired1,,,,,,,,,247012000.000,,,,0.000,,,,,,,,,,,,
NoncashOrPartNoncashAcquisitionValueOfLiabilitiesAssumed1,,,,,,,,,92277000.000,,,,0.000,,,,,,,,,,,,
NonoperatingIncomeExpense,-3231000.000,-1913000.000,-2300000.000,-881000.000,,,,,,,,,,,,,-939000.000,-741000.000,255000.000,-82000.000,-3492000.000,-2485000.000,-4322000.000,-2722000.000,-7255000.000
OperatingExpenses,29063000.000,30261000.000,31828000.000,30556000.000,28206000.000,32724000.000,36083000.000,39677000.000,42407000.000,51055000.000,49297000.000,52796000.000,47238000.000,47161000.000,49728000.000,48641000.000,47010000.000,47439000.000,51663000.000,60369000.000,62765000.000,63540000.000,60670000.000,61892000.000,64554000.000
OperatingIncomeLoss,28330000.000,25354000.000,13366000.000,4939000.000,5500000.000,8304000.000,7522000.000,3570000.000,3776000.000,10238000.000,20262000.000,8005000.000,14343000.000,23143000.000,25004000.000,22021000.000,16903000.000,21998000.000,9973000.000,-6772000.000,1455000.000,11277000.000,19953000.000,5371000.000,9357000.000
OtherComprehensiveIncomeDefinedBenefitPlansAdjustmentNetOfTaxPeriodIncreaseDecrease,,-2183000.000,-3783000.000,,-3025000.000,-938000.000,375000.000,-1823000.000,,,,,,,,,,,,,,,,,
OtherComprehensiveIncomeForeignCurrencyTransactionAndTranslationAdjustmentNetOfTaxPeriodIncreaseDecrease,,1507000.000,-6852000.000,,3998000.000,-3594000.000,4873000.000,2040000.000,,,,,,,,,,,,,,,,,
OtherComprehensiveIncomeForeignCurrencyTransactionAndTranslationGainLossArisingDuringPeriodNetOfTax,,,,,,,,,,,,,,,,,-498000.000,397000.000,,,,,,,
OtherComprehensiveIncomeLossForeignCurrencyTransactionAndTranslationAdjustmentNetOfTax,,,,,,,,,-7536000.000,-859000.000,11983000.000,2865000.000,-3857000.000,3712000.000,-8788000.000,-7540000.000,-6160000.000,4909000.000,-11954000.000,-6791000.000,2881000.000,-10673000.000,1546000.000,,
OtherComprehensiveIncomeLossPensionAndOtherPostretirementBenefitPlansAdjustmentNetOfTax,,,,,,,,,1478000.000,-2659000.000,3687000.000,-19477000.000,-1266000.000,1816000.000,4991000.000,2014000.000,1813000.000,-4448000.000,-1852000.000,88000.000,74000.000,5087000.000,9571000.000,-6955000.000,-856000.000
OtherComprehensiveIncomeUnrealizedGainLossOnDerivativesArisingDuringPeriodNetOfTax,,,,,,,,,,,,,,,,,,,,,,,,,527000.000
OtherCostAndExpenseOperating,,,,,-1104000.000,-254000.000,1203000.000,,1951000.000,3830000.000,1876000.000,,1988000.000,1089000.000,1967000.000,,1970000.000,1967000.000,,,31000.000,9000.000,144000.000,,
OtherNonoperatingGainsLosses,,,,,-650000.000,,,,,,,,,,,,,,,,,,,,
OtherNonoperatingIncomeExpense,,,,,687000.000,251000.000,1923000.000,,521000.000,277000.000,-2768000.000,,-1350000.000,359000.000,1300000.000,,,,,,-1436000.000,901000.000,-959000.000,3591000.000,-271000.000
OtherOperatingIncomeExpenseNet,,,,,,,,,,,,,,,,,,,,,,,,,165000.000
PaymentsForProceedsFromOtherInvestingActivities,637000.000,,,,139000.000,,,,-160000.000,,,,-1695000.000,,,,148000.000,,,,-291000.000,,,,155000.000
PaymentsForProceedsFromShortTermInvestments,,,,,,,,,,,,,,,,,,,,,7330000.000,,,,6787000.000
PaymentsOfDebtIssuanceCosts,,,,,,,,,,,,,,,,,,,,,22000.000,,,,67000.000
PaymentsRelatedToTaxWithholdingForShareBasedCompensation,,,,,,,,,,,,,,,,,,,,,2335000.000,,,,
PaymentsToAcquireBusinessesNetOfCashAcquired,,,,,,,,,124916000.000,,,,0.000,,,,,,,,,,,,
PaymentsToAcquireMachineryAndEquipment,12433000.000,,,,,,,,,,,,,,,,,,,,,,,,
PaymentsToAcquirePropertyPlantAndEquipment,,,,,11943000.000,,,,15954000.000,,,,11817000.000,,,,23539000.000,,,,13561000.000,,,,19106000.000
PaymentsToAcquireShortTermInvestments,,,,,,,,,,,,,,,,,24985000.000,,,,,,,,
ProceedsFromBankDebt,,,,,40000000.000,,,,180000000.000,,,,0.000,,,,,,,,,,,,
ProceedsFromIssuanceOfCommonStock,2668000.000,,,,473000.000,,,,59000.000,,,,280000.000,,,,5649000.000,,,,5000.000,,,,2166000.000
ProceedsFromIssuanceOfLongTermDebt,,,,,,,,,,,,,,,,,,,,,1500000.000,,,,7500000.000
ProceedsFromLinesOfCredit,0.000,,,,2482000.000,,,,3510000.000,,,,2094000.000,,,,965000.000,,,,,,,,
ProceedsFromMaturitiesPrepaymentsAndCallsOfShorttermInvestments,,,,,,,,,,,,,2315000.000,,,,,,,,29289000.000,,,,4588000.000
ProceedsFromPaymentsForOtherFinancingActivities,,,,,-87000.000,,,,-2936000.000,,,,-82000.000,,,,-88000.000,,,,,,,,
ProceedsFromSaleAndMaturityOfMarketableSecurities,0.000,,,,,,,,7458000.000,,,,0.000,,,,,,,,,,,,
ProceedsFromSaleMaturityAndCollectionOfShorttermInvestments,,,,,,,,,,,,,,,,,10007000.000,,,,,,,,
ProceedsFromSaleOfIntangibleAssets,,,,,2122000.000,,,,0.000,,,,,,,,,,,,,,,,
ProceedsFromSaleOfMachineryAndEquipment,10000.000,,,,,,,,,,,,,,,,,,,,,,,,
ProceedsFromSaleOfPropertyPlantAndEquipment,,,,,302000.000,,,,0.000,,,,,,,,,,,,19000.000,,,,211000.000
ProceedsFromStockOptionsExercised,,,,,0.000,,,,0.000,,,,0.000,,,,6000000.000,,,,0.000,,,,2200000.000
ProfitLoss,20264000.000,18723000.000,10707000.000,3813000.000,5569000.000,7699000.000,8936000.000,3778000.000,-2277000.000,9040000.000,13890000.000,3451000.000,10446000.000,17851000.000,20132000.000,17204000.000,11777000.000,15858000.000,3635000.000,-4757000.000,-1485000.000,6396000.000,11534000.000,2032000.000,1542000.000
RepaymentsOfBankDebt,,,,,,,,,,,,,,,,,23071000.000,,,,,,,,
RepaymentsOfLinesOfCredit,0.000,,,,,,,,25088000.000,,,,5337000.000,,,,1067000.000,,,,,,,,
RepaymentsOfLongTermCapitalLeaseObligations,85000.000,,,,,,,,,,,,,,,,,,,,,,,,
RepaymentsOfLongTermDebt,,,,,,,,,,,,,,,,,,,,,15569000.000,,,,18701000.000
RepaymentsOfOtherLongTermDebt,103000.000,,,,103000.000,,,,10269000.000,,,,17277000.000,,,,,,,,,,,,
ResearchAndDevelopmentExpense,6518000.000,6533000.000,7304000.000,6876000.000,7164000.000,8218000.000,9084000.000,9295000.000,10080000.000,12145000.000,13611000.000,12466000.000,12920000.000,12781000.000,13864000.000,12571000.000,13309000.000,13590000.000,13745000.000,16383000.000,18149000.000,17010000.000,17088000.000,17690000.000,18040000.000
RestrictedStockExpense,,2000000.000,2000000.000,,2000000.000,3000000.000,2000000.000,,1000000.000,2000000.000,3000000.000,,2000000.000,3000000.000,3000000.000,3000000.000,3000000.000,3000000.000,4000000.000,6000000.000,4000000.000,,,,
RestructuringCharges,,,,,,,,,,,,,,,,,,,,,,,,,2231000.000
Revenues,161555000.000,169806000.000,160577000.000,143313000.000,144663000.000,159239000.000,166617000.000,163287000.000,176964000.000,214379000.000,224510000.000,210993000.000,209986000.000,286642000.000,233777000.000,223671000.000,206182000.000,219453000.000,208888000.000,214381000.000,222738000.000,236645000.000,250694000.000,232085000.000,236303000.000
SalesRevenueNet,161555000.000,169806000.000,160577000.000,143313000.000,144663000.000,159239000.000,166617000.000,163287000.000,176964000.000,214379000.000,224510000.000,210993000.000,209986000.000,223217000.000,233777000.000,223671000.000,206182000.000,219453000.000,208888000.000,214381000.000,222738000.000,236645000.000,250694000.000,232085000.000,236303000.000
SegmentReportingInformationRevenue,,248949000.000,227276000.000,,198048000.000,225275000.000,222257000.000,216433000.000,227879000.000,272981000.000,292563000.000,265346000.000,267699000.000,,,,,,,,,,,,
SellingGeneralAndAdministrativeExpense,21410000.000,22575000.000,23404000.000,22585000.000,22146000.000,24760000.000,25796000.000,28661000.000,30376000.000,35080000.000,33810000.000,32840000.000,32330000.000,33291000.000,33897000.000,34183000.000,31731000.000,31882000.000,34669000.000,40963000.000,39454000.000,41390000.000,38321000.000,39091000.000,39690000.000
SeveranceCosts,,,,,,,,,2000000.000,,,,,,,,,,,,,,,,
ShareBasedCompensationArrangementByShareBasedPaymentAwardEquityInstrumentsOtherThanOptionsForfeitedInPeriod,,,,,-6000.000,,,,-9000.000,,,,-4000.000,,,,9000.000,,,,34000.000,,,,
ShareBasedCompensationArrangementByShareBasedPaymentAwardEquityInstrumentsOtherThanOptionsForfeituresWeightedAverageGrantDateFairValue,,,,,,,,,20.800,,,,23.130,,,,25.930,,,,22.880,,,,
ShareBasedCompensationArrangementByShareBasedPaymentAwardEquityInstrumentsOtherThanOptionsGrantsInPeriod,,,,,8000.000,,,,2000.000,,,,3000.000,,,,4000.000,,,,1000.000,,,,
ShareBasedCompensationArrangementByShareBasedPaymentAwardEquityInstrumentsOtherThanOptionsGrantsInPeriodWeightedAverageGrantDateFairValue,,,,,21.830,,,,18.030,,,,22.900,,,,27.350,,,,22.300,,,,
ShareBasedCompensationArrangementByShareBasedPaymentAwardEquityInstrumentsOtherThanOptionsVestedInPeriod,,,,,-9000.000,,,,-6000.000,,,,-7000.000,,,,5000.000,,,,263000.000,,,,
ShareBasedCompensationArrangementByShareBasedPaymentAwardEquityInstrumentsOtherThanOptionsVestedInPeriodIntrinsicValue,,,,,210000.000,,,,113000.000,,,,150000.000,,,,,,,,,,,,
ShareBasedCompensationArrangementByShareBasedPaymentAwardEquityInstrumentsOtherThanOptionsVestedInPeriodTotalFairValue,,,,,1000000.000,,,,2000000.000,,,,,,,,,,,,,,,,
ShareBasedCompensationArrangementByShareBasedPaymentAwardEquityInstrumentsOtherThanOptionsVestedInPeriodWeightedAverageGrantDateFairValue,,,,,23.830,,,,23.640,,,,23.340,,,,24.700,,,,20.730,,,,
ShareBasedCompensationArrangementByShareBasedPaymentAwardOptionsExercisesInPeriodTotalIntrinsicValue,,,,,1066000.000,,,,79000.000,,,,560000.000,,,,5279000.000,,,,,,,,
ShareBasedCompensationArrangementByShareBasedPaymentAwardOptionsForfeituresAndExpirationsInPeriod,,,,,0.000,,,,-410000.000,,,,-2000.000,,,,,,,,,,,,
ShareBasedCompensationArrangementByShareBasedPaymentAwardOptionsForfeituresAndExpirationsInPeriodWeightedAverageExercisePrice,,,,,0.000,,,,20.340,,,,29.210,,,,,,,,,,,,
ShareBasedCompensationArrangementByShareBasedPaymentAwardOptionsGrantsInPeriodGross,,,,,12000.000,,,,0.000,,,,0.000,,,,,,,,,,,,
ShareBasedCompensationArrangementsByShareBasedPaymentAwardOptionsExercisesInPeriodWeightedAverageExercisePrice,,,,,,,,,8.570,,,,9.700,,,,15.360,,,,,,,,
ShareBasedCompensationArrangementsByShareBasedPaymentAwardOptionsGrantsInPeriodWeightedAverageExercisePrice,,,,,,,,,0.000,,,,0.000,,,,,,,,,,,,
SharebasedCompensationArrangementBySharebasedPaymentAwardEquityInstrumentsOtherThanOptionsAggregateIntrinsicValueVested,,,,,,,,,,,,,,,,,134000.000,,,,5477000.000,,,,
StockIssuedDuringPeriodSharesStockOptionsExercised,,,,,-62000.000,,,,-5000.000,,,,-41000.000,,,,368000.000,,,,,,,,
StockOptionPlanExpense,,1000000.000,1000000.000,,1000000.000,1000000.000,1000000.000,,1000000.000,1000000.000,1000000.000,,1000000.000,1000000.000,1000000.000,0.000,1000000.000,1000000.000,1000000.000,0.000,500000.000,,,,
WeightedAverageNumberOfDilutedSharesOutstanding,46680000.000,47148000.000,47093000.000,-94208000.000,46935000.000,46859000.000,46995000.000,-93890000.000,46021000.000,47507000.000,48023000.000,-93893000.000,47996000.000,48423000.000,48736000.000,-96561000.000,48978000.000,49250000.000,49564000.000,-98292000.000,48288000.000,49500000.000,49922000.000,-97921000.000,49663000.000
WeightedAverageNumberOfSharesOutstandingBasic,44820000.000,45325000.000,45603000.000,-90546000.000,45460000.000,45642000.000,45997000.000,-91319000.000,46021000.000,46148000.000,46605000.000,-92411000.000,46699000.000,46889000.000,47548000.000,-93952000.000,47667000.000,48076000.000,48586000.000,-96119000.000,48288000.000,48383000.000,48814000.000,-96888000.000,48316000.000
