,2011-03-31,2011-06-30,2011-09-30,2011-12-31,2012-03-31,2012-06-30,2012-09-30,2012-12-31,2013-03-31,2013-06-30,2013-09-30,2013-12-31,2014-03-31,2014-06-30,2014-09-30,2014-12-31,2015-03-31,2015-06-30,2015-09-30,2015-12-31,2016-03-31,2016-06-30,2016-09-30,2016-12-31,2017-03-31
AdditionsToNoncurrentAssets,,81100000.000,65600000.000,,45300000.000,,,,,,,,,,,,,,,,,,,,
AdjustmentsRelatedToTaxWithholdingForShareBasedCompensation,,,,,11400000.000,,,,,,,,,,,,,,,,,,,,
AdjustmentsToAdditionalPaidInCapitalSharebasedCompensationRequisiteServicePeriodRecognitionValue,,,,,7400000.000,,,,,,,,3800000.000,,,,3500000.000,,,,3500000.000,,,,1900000.000
AllocatedShareBasedCompensationExpense,6200000.000,,,,7400000.000,7400000.000,3800000.000,,4000000.000,7100000.000,,,,,,,,,,,,,,,
AmortizationOfIntangibleAssets,28500000.000,28800000.000,28600000.000,26300000.000,24300000.000,22100000.000,22700000.000,18500000.000,16300000.000,16100000.000,16000000.000,15600000.000,18300000.000,20500000.000,19900000.000,19400000.000,19000000.000,19200000.000,20400000.000,19900000.000,18300000.000,15700000.000,15600000.000,-15900000.000,7500000.000
AntidilutiveSecuritiesExcludedFromComputationOfEarningsPerShareAmount,,,,,,,6900000.000,,6600000.000,6900000.000,6100000.000,-13600000.000,7400000.000,5800000.000,5600000.000,-16100000.000,2900000.000,3000000.000,3200000.000,-6400000.000,2700000.000,3900000.000,1300000.000,-6700000.000,1900000.000
AssetImpairmentCharges,8100000.000,24300000.000,10600000.000,489000000.000,9400000.000,,,,4100000.000,,,,6600000.000,,,,800000.000,,,,,,,,
BusinessAcquisitionEquityInterestsIssuedOrIssuableNumberOfSharesIssued,,,,,,,,,,,,,17000000.000,,,,,,,,,,,,
BusinessAcquisitionProFormaEarningsPerShareBasic,,,,,0.210,0.490,0.420,-4.680,,,,,-0.090,0.380,0.340,0.130,,0.300,0.110,,,,,,
BusinessAcquisitionProFormaEarningsPerShareDiluted,,,,,0.210,0.490,0.410,-4.670,,,,,-0.090,0.380,0.340,0.120,,0.300,0.110,,,,,,
BusinessAcquisitionsProFormaNetIncomeLoss,,,,,37700000.000,88.800,75300000.000,-754800088.800,,,,,-17700000.000,76500000.000,68500000.000,23800000.000,,62100000.000,22500000.000,,,,,,
BusinessAcquisitionsProFormaRevenue,,,,,2524900000.000,2528.600,2521500000.000,5414697471.400,,,,,2826600000.000,2902500000.000,2957800000.000,3069300000.000,,2800000000.000,2828000000.000,,,,,,
BusinessCombinationAcquisitionRelatedCosts,,,,,300000.000,500000.000,1300000.000,400000.000,1000000.000,100000.000,1100000.000,3700000.000,7700000.000,500000.000,,,10500000.000,3300000.000,300000.000,200000.000,600000.000,1400000.000,700000.000,0.000,
BusinessCombinationBargainPurchaseGainRecognizedAmount,,,,,,,,,,,,,16600000.000,,,,0.000,,,,,,,,
CashAndCashEquivalentsPeriodIncreaseDecrease,-119800000.000,,,,-34700000.000,,,,-127800000.000,,,,-720000000.000,,,,-259200000.000,,,,-125900000.000,,,,-73200000.000
ChangeInUnrealizedGainLossOnHedgedItemInFairValueHedge,,,,,11100000.000,11100000.000,,,,,,,,,,,,,,,,,,,
CommonStockDividendsPerShareDeclared,0.260,0.260,0.260,0.260,0.260,0.260,0.260,0.260,0.260,0.260,0.260,0.260,0.260,0.260,0.260,0.260,0.260,0.260,0.260,0.260,0.260,0.260,0.780,1.180,0.140
ComprehensiveIncomeNetOfTax,66800000.000,94000000.000,59600000.000,-714000000.000,80100000.000,28200000.000,113600000.000,-1039200000.000,33400000.000,44300000.000,19400000.000,655200000.000,-37000000.000,75000000.000,48200000.000,-254300000.000,1700000.000,67300000.000,-19900000.000,82400000.000,56900000.000,-30300000.000,-30900000.000,-398900000.000,-72900000.000
ComprehensiveIncomeNetOfTaxAttributableToNoncontrollingInterest,400000.000,500000.000,800000.000,,600000.000,100000.000,-100000.000,-2600000.000,-1800000.000,1200000.000,3300000.000,4500000.000,-4300000.000,800000.000,2600000.000,3800000.000,-10200000.000,-100000.000,-3700000.000,100000.000,500000.000,200000.000,300000.000,-200000.000,500000.000
ComprehensiveIncomeNetOfTaxIncludingPortionAttributableToNoncontrollingInterest,67200000.000,94500000.000,60400000.000,,80700000.000,28300000.000,113500000.000,-1041800000.000,31600000.000,45500000.000,22700000.000,659700000.000,-41300000.000,75800000.000,50800000.000,-250500000.000,-8500000.000,67200000.000,-23600000.000,82500000.000,57400000.000,-30100000.000,-30600000.000,-399100000.000,-72400000.000
CostOfGoodsAndServicesSold,,,,,,,,,1980200000.000,1973400000.000,2044500000.000,2151700000.000,2100600000.000,2240300000.000,2310200000.000,2401700000.000,2166400000.000,,,,,,,,
CostOfGoodsSold,1726800000.000,1777200000.000,1830400000.000,1850800000.000,1702900000.000,1689600000.000,1691900000.000,1789800000.000,1668300000.000,1641700000.000,1709700000.000,1797200000.000,1745900000.000,1882800000.000,1942100000.000,2010800000.000,1780300000.000,,,,,,,,
CostOfGoodsSoldExcludingDepreciationDepletionAndAmortization,,,,,,,,,,,,,,,,,,1761400000.000,1844800000.000,,1701200000.000,1755500000.000,1780500000.000,-1072800000.000,1024300000.000
CostOfServices,229400000.000,204400000.000,225900000.000,246900000.000,242100000.000,244300000.000,243900000.000,284500000.000,311900000.000,331700000.000,334800000.000,354500000.000,354700000.000,357500000.000,368100000.000,390900000.000,386100000.000,,,,,,,,
CostOfServicesExcludingDepreciationDepletionAndAmortization,,,,,,,,,,,,,,,,,,370900000.000,363300000.000,,380900000.000,369300000.000,384200000.000,220100000.000,324200000.000
CostsAndExpenses,2474100000.000,2507300000.000,2526500000.000,3037900000.000,2403500000.000,2364700000.000,2322100000.000,3501400000.000,,,,,,,,,,,,,,,,,
DeferredIncomeTaxExpenseBenefit,-17200000.000,,,,8400000.000,,,,-8800000.000,,,,-3200000.000,,,,-8000000.000,,,,1800000.000,,,,-1600000.000
DefinedBenefitPlanContributionsByEmployer,,,,,,,,,,,,,,,,,,,,,,,,,4900000.000
DefinedContributionPlanCostRecognized,,,,,,7300000.000,7200000.000,,,,,,,,,,,,,,,,,,
Depreciation,106200000.000,106100000.000,103800000.000,99800000.000,95400000.000,92600000.000,89300000.000,90100000.000,88500000.000,86400000.000,81700000.000,81100000.000,87900000.000,91400000.000,88500000.000,86900000.000,82900000.000,82500000.000,84300000.000,81800000.000,78300000.000,77400000.000,74900000.000,-77700000.000,35700000.000
DepreciationAndAmortization,140200000.000,140700000.000,139100000.000,129900000.000,125000000.000,120900000.000,119000000.000,116700000.000,113600000.000,111000000.000,106300000.000,104900000.000,115500000.000,121900000.000,119600000.000,117000000.000,113400000.000,112800000.000,115300000.000,112500000.000,107000000.000,104000000.000,101500000.000,-108300000.000,48600000.000
DepreciationDepletionAndAmortization,,140700000.000,139100000.000,,,,,,,,,,,,,,,,115300000.000,,107000000.000,,,,
DerivativeInstrumentsGainLossRecognizedInIncomeIneffectivePortionAndAmountExcludedFromEffectivenessTestingNet,,,,,,,,,,,,,-700000.000,100000.000,200000.000,1200000.000,,200000.000,-200000.000,,-200000.000,-100000.000,700000.000,0.000,
DerivativeInstrumentsGainLossRecognizedInIncomeNet,1600000.000,,,,,,,,,,,,,,,,,,,,,,,,
DerivativeInstrumentsGainRecognizedInIncomeIneffectivePortionAndAmountExcludedFromEffectivenessTesting,,,,,,,,,,,,,,,,,200000.000,,,,,,,,
Dividends,53700000.000,,,,,,,,,,,,,,,,,,,,,,,,
DividendsCash,,,,,46400000.000,,,,,,,,47300000.000,,,,52000000.000,,,,54300000.000,,,,9800000.000
EarningsPerShareBasic,0.160,0.060,0.840,-1.690,0.210,0.490,0.390,-4.700,0.150,0.360,0.080,0.570,-0.150,0.320,0.310,0.110,0.110,0.210,0.070,0.340,0.190,-0.070,-0.100,-7.110,-0.710
EarningsPerShareDiluted,0.160,0.060,0.830,-1.680,0.210,0.490,0.390,-4.700,0.150,0.360,0.080,0.560,-0.150,0.320,0.310,0.110,0.110,0.210,0.070,0.340,0.190,-0.070,-0.100,-7.110,-0.710
EffectOfExchangeRateOnCashAndCashEquivalents,8100000.000,,,,11600000.000,,,,-2600000.000,,,,-15400000.000,,,,-21600000.000,,,,4400000.000,,,,1300000.000
EffectiveIncomeTaxRateContinuingOperations,,,,,,,,,,,,,,,,,,,,,,,,,-0.004
ExtinguishmentOfDebtGainLossNetOfTax,,-68600000.000,-1300000.000,,,,,,,,,,,,,,,,,,,,,,
FiniteLivedIntangibleAssetsFutureAmortizationExpense,764300000.000,,,,,,,,,,,,,,,,,,,,,,,,
FinitelivedIntangibleAssetsAcquired1,,,,,,,,,,,,,205300000.000,,,,,,,,,,,,
FutureAmortizationExpenseYearFive,88100000.000,,,,,,,,,,,,,,,,,,,,,,,,
FutureAmortizationExpenseYearFour,95600000.000,,,,,,,,,,,,,,,,,,,,,,,,
FutureAmortizationExpenseYearOne,113800000.000,,,,,,,,,,,,,,,,,,,,,,,,
FutureAmortizationExpenseYearThree,98000000.000,,,,,,,,,,,,,,,,,,,,,,,,
FutureAmortizationExpenseYearTwo,100700000.000,,,,,,,,,,,,,,,,,,,,,,,,
GainLossOnFairValueHedgeIneffectivenessNet,,,,,,-800000.000,400000.000,,-600000.000,-300000.000,,,,,,,,,,,,,,,
GainLossOnFairValueHedgesRecognizedInEarnings,200000.000,,,,,,,,,,,,,,,,,,,,,,,,
GainLossOnSaleOfPropertyPlantEquipment,2000000.000,,,,600000.000,,,,,,,,,,,,,,,,,,,,
GainLossOnSaleOfSecuritiesNet,,,,,,,,,,,,,,,,,,,,,,,,,-51600000.000
GainLossOnSalesOfAssetsAndAssetImpairmentCharges,,,,,,,,,,,,,,,,,,,,,800000.000,,,,-500000.000
GainsLossesOnExtinguishmentOfDebt,,,,,-23200000.000,,,,-35600000.000,,-46300000.000,,-77100000.000,,0.000,,0.000,0.000,,,,,-85300000.000,,
GoodwillAcquiredDuringPeriod,18600000.000,,,,,,,,,,,,298800000.000,,,,1200000.000,,,,,,,,
GoodwillTranslationAndPurchaseAccountingAdjustments,8900000.000,,,,6100000.000,,,,-4500000.000,,,,400000.000,,,,-9900000.000,,,,3500000.000,,,,
GrossProfit,,,,,,,,,558300000.000,598200000.000,570400000.000,603600000.000,573200000.000,662200000.000,647600000.000,667600000.000,579700000.000,615800000.000,,,,,,,
ImpairmentOfIntangibleAssetsFinitelived,,,,,,,,,,,,,,,,,,,2300000.000,,,,,,
ImpairmentOfLongLivedAssetsToBeDisposedOf,,,10600000.000,,,,,,,,,,,,,,,,7900000.000,,,1300000.000,,,
IncomeLossFromContinuingOperations,,,,,,,,,,,,,,,,,,,,,,,,,-50100000.000
IncomeLossFromContinuingOperationsBeforeIncomeTaxesExtraordinaryItemsNoncontrollingInterest,,,,,,,,,,,23000000.000,,-56700000.000,105100000.000,100500000.000,-1800000.000,18300000.000,76600000.000,51300000.000,121600000.000,65100000.000,-17500000.000,5700000.000,-550500000.000,-49600000.000
IncomeLossFromContinuingOperationsBeforeIncomeTaxesMinorityInterestAndIncomeLossFromEquityMethodInvestments,51300000.000,-3800000.000,93900000.000,-378800000.000,49800000.000,,,,,,,,,,,,,,,,,,,,
IncomeLossFromContinuingOperationsIncludingPortionAttributableToNoncontrollingInterest,34300000.000,12500000.000,158700000.000,-326600000.000,37900000.000,89000000.000,71200000.000,-851700000.000,25300000.000,66500000.000,18000000.000,108400000.000,-33200000.000,,,,,,,,,,,,-49800000.000
IncomeLossFromContinuingOperationsPerBasicShare,0.160,0.060,0.840,,,,,,,,,,,,,,,,,,,,,,-0.710
IncomeLossFromContinuingOperationsPerDilutedShare,0.160,0.060,0.830,,,,,,,,,,,,,,,,,,,,,,-0.710
IncomeLossFromDiscontinuedOperationsNetOfTaxAttributableToReportingEntity,,,,,,,,,,,,,,,,,,,,,,,,,0.000
IncomeTaxExpenseBenefit,17000000.000,-16300000.000,-64800000.000,-52200000.000,11900000.000,6500000.000,52200000.000,,12600000.000,35200000.000,5000000.000,-62000000.000,-23500000.000,39500000.000,35700000.000,-25400000.000,6400000.000,33000000.000,39700000.000,50300000.000,25000000.000,-3200000.000,12500000.000,-46600000.000,200000.000
IncreaseDecreaseInAccountsPayable,-18900000.000,,,,-104800000.000,,,,-170200000.000,,,,-145000000.000,,,,-173700000.000,,,,-316000000.000,,,,-123300000.000
IncreaseDecreaseInAccountsReceivable,29700000.000,,,,-1700000.000,,,,-8900000.000,,,,-23100000.000,,,,-9800000.000,,,,-55000000.000,,,,-92500000.000
IncreaseDecreaseInAccruedLiabilities,-130400000.000,,,,-135600000.000,,,,-99500000.000,,,,,,,,,,,,,,,,
IncreaseDecreaseInAccruedLiabilitiesAndOtherOperatingLiabilities,,,,,,,,,,,,,-73800000.000,,,,-128500000.000,,,,-35900000.000,,,,-43200000.000
IncreaseDecreaseInIncomeTaxes,12800000.000,,,,-21300000.000,,,,-11100000.000,,,,-33100000.000,,,,4100000.000,,,,8600000.000,,,,5200000.000
IncreaseDecreaseInInventories,17100000.000,,,,2500000.000,,,,-4600000.000,,,,-6100000.000,,,,1000000.000,,,,11000000.000,,,,-5500000.000
IncreaseDecreaseInOtherDeferredLiability,3700000.000,,,,,,,,,,,,,,,,,,,,,,,,
IncreaseDecreaseInPrepaidDeferredExpenseAndOtherAssets,9500000.000,,,,6400000.000,,,,700000.000,,,,9100000.000,,,,3400000.000,,,,9000000.000,,,,3900000.000
IncreaseDecreaseInRestrictedCash,-100000.000,,,,100000.000,,,,,,,,,,,,,,,,-5000000.000,,,,1600000.000
IncrementalCommonSharesAttributableToShareBasedPaymentArrangements,,,,,1000000.000,1100000.000,1600000.000,,1700000.000,1200000.000,1600000.000,-2900000.000,,1200000.000,1300000.000,,1500000.000,1100000.000,1100000.000,-2500000.000,1200000.000,,,,0.000
InterestAndOtherIncome,,,,,,,,,,,2100000.000,,2500000.000,2200000.000,1900000.000,,,,,,,,,,
InterestExpense,57900000.000,61300000.000,62900000.000,61200000.000,60700000.000,63600000.000,63700000.000,63800000.000,62800000.000,65500000.000,65600000.000,67500000.000,71000000.000,70800000.000,71200000.000,69100000.000,69000000.000,69200000.000,,,,68800000.000,67100000.000,,48300000.000
InterestIncomeExpenseNonoperatingNet,,,,,,,,,,,,,,,,,,,-69000000.000,,-68200000.000,,,,
InterestPaid,,,,,,,,,,,,,,,,,1700000.000,1200000.000,,,1300000.000,,,,
InvestmentIncomeInterest,2600000.000,3600000.000,2900000.000,,,,,,,,,,,,,,,,1300000.000,,,1600000.000,1300000.000,,900000.000
LineOfCreditFacilityInterestRateDuringPeriod,,,,,,,,,,,,,,,,,0.021,,,,0.023,,,,0.035
MinorityInterestDecreaseFromDistributionsToNoncontrollingInterestHolders,-1900000.000,,,,700000.000,,,,,,,,700000.000,,,,700000.000,,,,700000.000,,,,
NetCashProvidedByUsedInFinancingActivities,-56400000.000,,,,52000000.000,,,,3700000.000,,,,-196800000.000,,,,-47600000.000,,,,92000000.000,,,,-151400000.000
NetCashProvidedByUsedInFinancingActivitiesContinuingOperations,-56400000.000,,,,52000000.000,,,,3700000.000,,,,-196800000.000,,,,-47600000.000,,,,92000000.000,,,,-151400000.000
NetCashProvidedByUsedInInvestingActivities,-64300000.000,,,,-46300000.000,,,,-33100000.000,,,,-427400000.000,,,,-45700000.000,,,,-29500000.000,,,,95500000.000
NetCashProvidedByUsedInInvestingActivitiesContinuingOperations,-64300000.000,,,,-46300000.000,,,,-33100000.000,,,,-427400000.000,,,,-45700000.000,,,,-29500000.000,,,,95500000.000
NetCashProvidedByUsedInOperatingActivities,-7200000.000,,,,-52000000.000,,,,-95800000.000,,,,-80400000.000,,,,-144300000.000,,,,-192800000.000,,,,-18600000.000
NetCashProvidedByUsedInOperatingActivitiesContinuingOperations,-7200000.000,,,,-52000000.000,,,,-95800000.000,,,,-80400000.000,,,,-144300000.000,,,,-192800000.000,,,,-18600000.000
NetIncomeLoss,33900000.000,12200000.000,158000000.000,-326700000.000,37400000.000,88800000.000,71400000.000,-849000000.000,27100000.000,65400000.000,14700000.000,104000000.000,-29000000.000,64700000.000,62200000.000,19500000.000,22300000.000,43500000.000,14300000.000,71000000.000,39800000.000,-14500000.000,-7100000.000,-514100000.000,-50100000.000
NetIncomeLossAttributableToNoncontrollingInterest,400000.000,300000.000,700000.000,100000.000,500000.000,200000.000,-200000.000,-2700000.000,-1800000.000,1100000.000,3300000.000,4400000.000,-4200000.000,900000.000,2600000.000,4100000.000,-10400000.000,100000.000,-2700000.000,300000.000,300000.000,200000.000,300000.000,500000.000,300000.000
NoncashOrPartNoncashAcquisitionValueOfAssetsAcquired1,,,,,,,,,,,,,319000000.000,,,,0.000,,,,,,,,
NoncontrollingInterestIncreaseFromBusinessCombination,,,,,,,,,,,,,2700000.000,,,,,,,,,,,,
NonoperatingIncomeExpense,,,,,,,,,,,300000.000,,-4600000.000,-2300000.000,-2000000.000,-700000.000,-28300000.000,-11900000.000,,,,,,,
OperatingIncomeLoss,109400000.000,116100000.000,156800000.000,-317100000.000,121400000.000,163900000.000,186700000.000,-841800000.000,139800000.000,173200000.000,134600000.000,132100000.000,96000000.000,178200000.000,173700000.000,68000000.000,115600000.000,157700000.000,123300000.000,190800000.000,133300000.000,52300000.000,157500000.000,-643700000.000,47400000.000
OtherComprehensiveIncomeDefinedBenefitPlansAdjustmentNetOfTaxPeriodIncreaseDecrease,6700000.000,55500000.000,4200000.000,,,,,,,,,,,,,,,,,,,,,,
OtherComprehensiveIncomeDefinedBenefitPlansTax,4200000.000,35900000.000,2500000.000,,,,,,,,,,,,,,,,,,,,,,
OtherComprehensiveIncomeForeignCurrencyTransactionAndTranslationAdjustmentNetOfTaxPeriodIncreaseDecrease,26100000.000,26100000.000,-102600000.000,-19700000.000,,,,,,,,,,,,,,,,,,,,,
OtherComprehensiveIncomeLossAvailableForSaleSecuritiesAdjustmentNetOfTax,,,,,,,,,,,,,,,,,,,,,,,,,-32300000.000
OtherComprehensiveIncomeLossBeforeReclassificationsNetOfTax,,,,,,,,,,,,,-8900000.000,,,,-22800000.000,,,,18800000.000,,,,
OtherComprehensiveIncomeLossBeforeTax,,,,,43900000.000,-59500000.000,46400000.000,-303700000.000,15000000.000,-18100000.000,7700000.000,892200000.000,-7500000.000,10800000.000,-13600000.000,-425600000.000,-19000000.000,26800000.000,-34100000.000,30900000.000,23100000.000,-11600000.000,-36800000.000,129500000.000,-25300000.000
OtherComprehensiveIncomeLossDerivativesQualifyingAsHedgesBeforeTax,,,,,500000.000,100000.000,200000.000,0.000,100000.000,100000.000,300000.000,100000.000,100000.000,100000.000,0.000,0.000,100000.000,,,,,,,,
OtherComprehensiveIncomeLossDerivativesQualifyingAsHedgesNetOfTax,,,,,300000.000,100000.000,100000.000,0.000,100000.000,,200000.000,,,100000.000,0.000,,,,100000.000,,,,,,
OtherComprehensiveIncomeLossDerivativesQualifyingAsHedgesTax,,,,,200000.000,,100000.000,,,100000.000,100000.000,,100000.000,0.000,0.000,0.000,100000.000,,-100000.000,,,,,,
OtherComprehensiveIncomeLossFinalizationOfPensionAndNonPensionPostretirementPlanValuationNetOfTax,,,,,700000.000,800000.000,6300000.000,-185400000.000,-900000.000,,,,,,,,,,,,,,,,
OtherComprehensiveIncomeLossForeignCurrencyTransactionAndTranslationAdjustmentBeforeTax,,,,,41800000.000,-61600000.000,35900000.000,-4700000.000,7100000.000,-25800000.000,-1100000.000,-3000000.000,-9000000.000,8700000.000,-15000000.000,-29900000.000,-22600000.000,17600000.000,-37500000.000,-13200000.000,17900000.000,,,,
OtherComprehensiveIncomeLossForeignCurrencyTransactionAndTranslationAdjustmentNetOfTax,,,,,41800000.000,-61600000.000,35900000.000,-4700000.000,7100000.000,-25800000.000,-1100000.000,-3000000.000,-9000000.000,8700000.000,-15000000.000,-29900000.000,-22600000.000,17600000.000,-37500000.000,-13200000.000,17900000.000,-22500000.000,-4400000.000,-29300000.000,9000000.000
OtherComprehensiveIncomeLossForeignCurrencyTranslationAdjustmentTax,,,,,,,,,0.000,0.000,,,,,,,,,,,0.000,,,,
OtherComprehensiveIncomeLossNetOfTax,,,,,42800000.000,-60700000.000,42300000.000,-190100000.000,6300000.000,-21000000.000,4700000.000,551300000.000,-8100000.000,10200000.000,-14000000.000,-274100000.000,-20400000.000,23600000.000,-35200000.000,11200000.000,17300000.000,-15800000.000,-23800000.000,114500000.000,-22600000.000
OtherComprehensiveIncomeLossNetOfTaxPeriodIncreaseDecrease,32900000.000,,,,,,,,,,,,,,,,,,,,,,,,
OtherComprehensiveIncomeLossNetOfTaxPortionAttributableToParent,,,,,,,,,6300000.000,,,,-8000000.000,,,,-20600000.000,,,,17100000.000,,,,
OtherComprehensiveIncomeLossPensionAndOtherPostretirementBenefitPlansAdjustmentBeforeTax,,,,,-1600000.000,-2000000.000,-10300000.000,299000000.000,-7800000.000,-7600000.000,-8500000.000,-895100000.000,-1400000.000,-2000000.000,-1400000.000,395700000.000,-3500000.000,-9200000.000,-3400000.000,-44100000.000,-5200000.000,,,,
OtherComprehensiveIncomeLossPensionAndOtherPostretirementBenefitPlansAdjustmentNetOfTax,,,,,-700000.000,-800000.000,-6300000.000,185400000.000,900000.000,-4800000.000,-5600000.000,-554200000.000,-900000.000,-1400000.000,-1000000.000,244200000.000,-2200000.000,-6000000.000,-2200000.000,-24400000.000,600000.000,-6700000.000,19400000.000,-24500000.000,-700000.000
OtherComprehensiveIncomeLossPensionAndOtherPostretirementBenefitPlansTax,,,,,-900000.000,-1200000.000,-4000000.000,113600000.000,-8700000.000,-2800000.000,-2900000.000,-340900000.000,-500000.000,-600000.000,-400000.000,151500000.000,-1300000.000,-3200000.000,-1200000.000,-19700000.000,-5800000.000,,,,
OtherComprehensiveIncomeLossTax,,,,,1100000.000,1200000.000,4100000.000,-113600000.000,8700000.000,2900000.000,3000000.000,340900000.000,600000.000,600000.000,400000.000,-151500000.000,1400000.000,3200000.000,1100000.000,19700000.000,5800000.000,4200000.000,-13000000.000,15000000.000,-2700000.000
OtherComprehensiveIncomeUnrealizedGainLossOnDerivativesArisingDuringPeriodNetOfTax,100000.000,400000.000,100000.000,,,,,,,,,,,,,,,,,,,,,,
OtherComprehensiveIncomeUnrealizedGainLossOnDerivativesArisingDuringPeriodTax,100000.000,300000.000,100000.000,-100000.000,,,,,,,,,,,,,,,,,,,,,
OtherNoncashIncomeExpense,-7800000.000,,,,-12400000.000,,,,-4500000.000,,,,-6400000.000,,,,-11800000.000,,,,-200000.000,,,,-5800000.000
OtherNonoperatingIncomeExpense,-200000.000,10000000.000,1300000.000,-500000.000,1200000.000,-4800000.000,400000.000,900000.000,-3500000.000,-6000000.000,,,,,,,,,,,,-1000000.000,600000.000,,-48700000.000
OtherNonrecurringExpense,,,,,,,,,,,,,20500000.000,3800000.000,9700000.000,1500000.000,1300000.000,20500000.000,1300000.000,1500000.000,,,,,
OtherNonrecurringIncomeExpense,,,,,,,,,,,,,,,,,,,,,1400000.000,1400000.000,1500000.000,-2000000.000,600000.000
OtherOperatingIncome,,,,,,,,,,,,,,,,,,,,,12300000.000,,,,
OtherOperatingIncomeExpenseNet,,,,,,,,,,,,,,,,,,,,,,,-300000.000,,
OtherRestructuringCosts,17900000.000,22200000.000,9400000.000,10100000.000,3900000.000,,4800000.000,,9800000.000,8800000.000,7600000.000,7600000.000,4100000.000,6800000.000,5100000.000,4800000.000,3600000.000,4800000.000,4600000.000,4600000.000,4100000.000,2300000.000,2300000.000,-5200000.000,1600000.000
PaymentsForProceedsFromBusinessesAndInterestInAffiliates,,,,,,,,,,,,,,,,,,,,,-13400000.000,,,,
PaymentsForProceedsFromOtherInvestingActivities,,,,,,,,,-3400000.000,,,,,,,,400000.000,,,,2100000.000,,,,
PaymentsForRestructuring,,,,,,,,,,,,,14400000.000,,,,18000000.000,,,,22600000.000,,,,5100000.000
PaymentsOfDebtIssuanceCosts,,,,,7000000.000,,,,7800000.000,,,,6200000.000,,,,0.000,,,,,,,,
PaymentsOfDividends,53700000.000,,,,46400000.000,,,,46900000.000,,,,47300000.000,,,,52000000.000,,,,54300000.000,,,,9800000.000
PaymentsOfDividendsMinorityInterest,700000.000,,,,700000.000,,,,800000.000,,,,,,,,,,,,,,,,
PaymentsToAcquireBusinessesNetOfCashAcquired,19600000.000,,,,-500000.000,,,,-300000.000,,,,381600000.000,,,,2000000.000,,,,,,,,
PaymentsToAcquireOtherInvestments,,,,,2500000.000,,,,,,,,,,,,,,,,,,,,
PaymentsToAcquirePropertyPlantAndEquipment,47100000.000,,,,45300000.000,48400000.000,66200000.000,46000000.000,37900000.000,46400000.000,55300000.000,77000000.000,49000000.000,57300000.000,58200000.000,59100000.000,48500000.000,52600000.000,51700000.000,54800000.000,48100000.000,53300000.000,46500000.000,24200000.000,26100000.000
PensionAndOtherPostretirementBenefitContributions,,,,,,,,,8500000.000,,,,14200000.000,,,,8300000.000,,,,8000000.000,,,,4900000.000
PensionAndOtherPostretirementBenefitExpense,,,,,,,,,-4600000.000,,,,-11300000.000,,,,-10800000.000,,,,-18900000.000,,,,-3600000.000
ProceedsFromDivestitureOfBusinessesNetOfCashDivested,,,,,,,,,,,,,1700000.000,,,,-200000.000,,,,,,,,
ProceedsFromHedgeFinancingActivities,,,,,11000000.000,,,,,,,,,,,,,,,,,,,,
ProceedsFromIssuanceOfCommonStock,6300000.000,,,,4900000.000,,,,,,,,,,,,,,,,,,,,
ProceedsFromIssuanceOfLongTermDebt,,,,,450000000.000,,,,447800000.000,,,,400000000.000,,,,0.000,,,,,,,,
ProceedsFromLinesOfCredit,,,,,262000000.000,,,,,,,,10000000.000,,,,,,,,,,,,280000000.000
ProceedsFromPaymentsForOtherFinancingActivities,,,,,,,,,-6700000.000,,,,-900000.000,,,,3000000.000,,,,1700000.000,,,,-1300000.000
ProceedsFromRepaymentsOfLinesOfCredit,,,,,,,,,,,,,,,,,,,,,145000000.000,,,,
ProceedsFromRepaymentsOfShortTermDebt,2000000.000,,,,-500000.000,,,,3800000.000,,,,100000.000,,,,1700000.000,,,,1000000.000,,,,4700000.000
ProceedsFromSaleMaturityAndCollectionsOfInvestments,2300000.000,,,,1100000.000,,,,,,,,,,,,,,,,,,,,
ProfitLoss,34300000.000,12500000.000,158700000.000,,,,,,,,,,,65600000.000,64800000.000,,11900000.000,43600000.000,11600000.000,71300000.000,40100000.000,-14300000.000,-6800000.000,-513600000.000,-49800000.000
ProvisionForDoubtfulAccounts,4200000.000,,,,2700000.000,,,,2700000.000,,,,2400000.000,,,,5900000.000,,,,4100000.000,,,,1700000.000
ReclassificationFromAccumulatedOtherComprehensiveIncomeCurrentPeriodNetOfTax,,,,,,,,,,,,,,,,,,,,,,,,,-29300000.000
RepaymentsOfDebt,,,,,621300000.000,,,,,,,,552500000.000,,,,300000.000,,,,1400000.000,,,,
RepaymentsOfLinesOfCredit,10000000.000,,,,,,,,386500000.000,,,,,,,,,,,,,,,,425000000.000
RepaymentsOfLongTermDebt,300000.000,,,,,,,,,,,,,,,,,,,,,,,,
RestructuringCharges,,,,,40700000.000,,,,18600000.000,,25500000.000,,18000000.000,15900000.000,9900000.000,7300000.000,17800000.000,11600000.000,23400000.000,9100000.000,9100000.000,11000000.000,13500000.000,-8200000.000,8000000.000
RestructuringCostsAndAssetImpairmentCharges,,,,,,,,,,,,,,,,,,,28200000.000,,-800000.000,1300000.000,,,500000.000
RestructuringReservePeriodExpense,42700000.000,,,,,,,,,,,,,,,,,,,,,,,,
RestructuringReserveSettledWithCash,24700000.000,,,,28300000.000,,,,16800000.000,,,,,,,,,,,,,,,,
RestructuringReserveTranslationAndOtherAdjustment,-1400000.000,,,,300000.000,,,,600000.000,,,,1200000.000,,,,900000.000,,,,-100000.000,,,,1100000.000
RestructuringSettlementAndImpairmentProvisions,50800000.000,75700000.000,34200000.000,507100000.000,50000000.000,34000000.000,13900000.000,1020600000.000,22700000.000,19800000.000,38100000.000,52900000.000,45200000.000,22800000.000,19900000.000,45800000.000,19800000.000,32200000.000,52900000.000,17700000.000,9700000.000,13700000.000,15000000.000,545900000.000,9100000.000
Revenues,2583500000.000,2623400000.000,2683300000.000,2720800000.000,2524900000.000,2528600000.000,2508800000.000,2659600000.000,2538500000.000,2571600000.000,2614900000.000,2755300000.000,2673800000.000,2902500000.000,2957800000.000,3069300000.000,2746100000.000,2748100000.000,2828000000.000,2934600000.000,2663700000.000,2729700000.000,2772400000.000,-1257800000.000,1676300000.000
RevenuesFromTransactionsWithOtherOperatingSegmentsOfSameEntity,,-22300000.000,-26300000.000,,29800000.000,-35300000.000,-38800000.000,-79800000.000,31500000.000,30400000.000,,,,,,,,,,,,,,,
SalesRevenueGoodsNet,2266400000.000,2356900000.000,2364900000.000,2386900000.000,2196500000.000,2189700000.000,2171200000.000,2277700000.000,2129700000.000,2135000000.000,2178300000.000,2322800000.000,2225700000.000,2440700000.000,2480700000.000,2568100000.000,2260300000.000,2264500000.000,2359000000.000,2439800000.000,2172200000.000,2252500000.000,2281600000.000,-1418200000.000,1288900000.000
SalesRevenueNet,2583500000.000,2623400000.000,2683300000.000,2720800000.000,2524900000.000,2528600000.000,2508800000.000,2659600000.000,2538500000.000,2571600000.000,2614900000.000,2755300000.000,2673800000.000,2902500000.000,2957800000.000,3069300000.000,2746100000.000,2748100000.000,2828000000.000,2934600000.000,2651400000.000,2729700000.000,2772400000.000,-1257800000.000,1676300000.000
SalesRevenueServicesNet,317100000.000,266500000.000,318400000.000,333900000.000,328400000.000,338900000.000,337600000.000,381900000.000,408800000.000,436600000.000,436600000.000,432500000.000,448100000.000,461800000.000,477100000.000,501200000.000,485800000.000,483600000.000,469000000.000,494800000.000,479200000.000,477200000.000,490800000.000,160400000.000,387400000.000
SegmentReportingInformationRevenue,,2645700000.000,2709600000.000,,2554700000.000,2563900000.000,2547600000.000,2679800000.000,2570000000.000,2602000000.000,,,,,,,,,,,,,,,
SellingGeneralAndAdministrativeExpense,326900000.000,309300000.000,296900000.000,303200000.000,283500000.000,275900000.000,253400000.000,289800000.000,282200000.000,294200000.000,291400000.000,313700000.000,316500000.000,339300000.000,334400000.000,436800000.000,330900000.000,313100000.000,328400000.000,,,,,,
SeveranceCosts,24800000.000,29200000.000,14200000.000,8500000.000,36800000.000,13800000.000,7500000.000,8500000.000,8800000.000,7300000.000,,,,,,,,,,,,,,,
SeveranceCosts1,,,,,,,,,,,17900000.000,,13900000.000,9100000.000,4800000.000,2500000.000,14200000.000,6800000.000,,,,,11200000.000,,6400000.000
ShareBasedCompensation,6500000.000,9900000.000,6100000.000,5800000.000,7400000.000,,,,4000000.000,,4500000.000,,3800000.000,6100000.000,3900000.000,3900000.000,3500000.000,,,,3500000.000,,,,1900000.000
ShareBasedCompensationArrangementByShareBasedPaymentAwardEquityInstrumentsOtherThanOptionsForfeitedInPeriod,9000.000,,,,,,,,,,,,,,,,,,,,,,,,
ShareBasedCompensationArrangementByShareBasedPaymentAwardEquityInstrumentsOtherThanOptionsGrantsInPeriod,1426000.000,,,,,,,,,,,,,,,,,,,,,,,,
ShareBasedCompensationArrangementByShareBasedPaymentAwardEquityInstrumentsOtherThanOptionsGrantsInPeriodWeightedAverageGrantDateFairValue,16.060,,,,,,,,,,,,,,,,,,,,,,,,
ShareBasedCompensationArrangementByShareBasedPaymentAwardEquityInstrumentsOtherThanOptionsVestedInPeriod,1599000.000,,,,,,,,,,,,,,,,,,,,,,,,
ShareBasedCompensationArrangementByShareBasedPaymentAwardEquityInstrumentsOtherThanOptionsVestedInPeriodWeightedAverageGrantDateFairValue,12.160,,,,,,,,,,,,,,,,,,,,,,,,
ShareBasedCompensationArrangementByShareBasedPaymentAwardFairValueAssumptionsExpectedDividendRate,0.046,,,,0.051,,,,,,,,,,,,,,,,,,,,
ShareBasedCompensationArrangementByShareBasedPaymentAwardFairValueAssumptionsExpectedTerm,6.250,,,,,,,,,,,,,,,,,,,,,,,,
ShareBasedCompensationArrangementByShareBasedPaymentAwardFairValueAssumptionsExpectedVolatilityRate,0.367,,,,0.397,,,,,,,,,,,,,,,,,,,,
ShareBasedCompensationArrangementByShareBasedPaymentAwardFairValueAssumptionsRiskFreeInterestRate,0.025,,,,0.012,,,,,,,,,,,,,,,,,,,,
ShareBasedCompensationArrangementByShareBasedPaymentAwardOptionsExercisableWeightedAverageRemainingContractualTerm,5.500,,,,,,,,,,,,,,,,,,,,,,,,
ShareBasedCompensationArrangementByShareBasedPaymentAwardOptionsExercisesInPeriodTotalIntrinsicValue,1000000.000,,,,1200000.000,0.000,0.000,0.000,,400000.000,,,,,,,,,,,,,,,
ShareBasedCompensationArrangementByShareBasedPaymentAwardOptionsForfeituresAndExpirationsInPeriod,183000.000,,,,245000.000,,,,345000.000,,,,109000.000,,,,,,,,1000.000,,,,
ShareBasedCompensationArrangementByShareBasedPaymentAwardOptionsForfeituresAndExpirationsInPeriodWeightedAverageExercisePrice,25.190,,,,30.730,,,,18.420,,,,27.920,,,,,,,,13.230,,,,
ShareBasedCompensationArrangementByShareBasedPaymentAwardOptionsGrantsInPeriod,200000.000,,,,1221000.000,,,,0.000,,,,,,,,,,,,,,,,
ShareBasedCompensationArrangementByShareBasedPaymentAwardOptionsGrantsInPeriodWeightedAverageGrantDateFairValue,4.390,,,,2.960,,,,,,,,,,,,,,,,,,,,
ShareBasedCompensationArrangementsByShareBasedPaymentAwardOptionsExercisesInPeriodWeightedAverageExercisePrice,,,,,7.090,,,,,,,,10.390,,,,13.210,,,,13.230,,,,
ShareBasedCompensationArrangementsByShareBasedPaymentAwardOptionsGrantsInPeriodWeightedAverageExercisePrice,,,,,13.220,,,,,,,,,,,,,,,,,,,,
SharesPaidForTaxWithholdingForShareBasedCompensation,-5500000.000,,,,,,,,,,,,,,,,,,,,,,,,
StockIssuedDuringPeriodSharesStockOptionsExercised,96000.000,,,,197000.000,,,,,,,,118000.000,,,,92000.000,,,,22000.000,,,,
StockIssuedDuringPeriodValueAcquisitions,,,,,,,,,,,,,18300000.000,,,,,,,,,,,,
StockIssuedDuringPeriodValueNewIssues,,,,,,,,,,,,,300700000.000,,,,,,,,,,,,
StockIssuedDuringPeriodValueShareBasedCompensation,,,,,,,,,,,,,-4400000.000,,,,-4100000.000,,,,-5000000.000,,,,-1600000.000
StockRepurchaseProgramAuthorizedAmount,1000000000.000,,,,1000000000.000,,,,,,,,,,,,,,,,,,,,
TaxAdjustmentsSettlementsAndUnusualProvisions,,,68800000.000,,,,,,,,,,,,,,,,,,,,,,
TreasuryStockSharesAcquired,,,,,,,,,0.000,,,,0.000,,,,0.000,,,,0.000,,,,0.000
WeightedAverageNumberDilutedSharesOutstandingAdjustment,2600000.000,2800000.000,2700000.000,,,,,,,,,,,,,,,,,,,,,,
WeightedAverageNumberOfDilutedSharesOutstanding,209800000.000,199500000.000,190800000.000,-406300000.000,180400000.000,181800000.000,182400000.000,-364200000.000,182900000.000,183200000.000,183900000.000,-366500000.000,193100000.000,201400000.000,201600000.000,-396100000.000,202100000.000,204200000.000,210300000.000,-409800000.000,210800000.000,209900000.000,70000000.000,-420700000.000,70100000.000
WeightedAverageNumberOfSharesOutstandingBasic,207200000.000,196700000.000,188100000.000,-398200000.000,179400000.000,180700000.000,180800000.000,-360500000.000,181200000.000,182000000.000,182300000.000,-363600000.000,193100000.000,200200000.000,200300000.000,-395100000.000,200600000.000,203100000.000,209200000.000,-407300000.000,209600000.000,209900000.000,70000000.000,-419500000.000,70100000.000
