,2011-03-31,2011-06-30,2011-09-30,2011-12-31,2012-03-31,2012-06-30,2012-09-30,2012-12-31,2013-03-31,2013-06-30,2013-09-30,2013-12-31,2014-03-31,2014-06-30,2014-09-30,2014-12-31,2015-03-31,2015-06-30,2015-09-30,2015-12-31,2016-03-31,2016-06-30,2016-09-30,2016-12-31,2017-03-31
AdjustmentsToAdditionalPaidInCapitalStockSplit,,,,,,,,,,147300000.000,,,,,,,,,,,,,,,
AllocatedShareBasedCompensationExpense,,5200000.000,4900000.000,,,,,,,,,,,,,,,,,,,,,,
AmortizationOfFinancingCosts,723000.000,,,,698000.000,,,,,,,,,,,,,,,,,,,,
AmortizationOfIntangibleAssets,3320000.000,,,,4460000.000,,,,3807000.000,,,,4305000.000,,,,9244000.000,,,,4123000.000,,,,4039000.000
AntidilutiveSecuritiesExcludedFromComputationOfEarningsPerShareAmount,,,,,,0.000,0.000,,0.000,0.000,0.000,,0.000,0.000,0.000,,0.000,,,,,,803251.000,,
BusinessCombinationStepAcquisitionEquityInterestInAcquireeRemeasurementGain,,,,,,,,,15315000.000,,,,,,,,,,,,,,,,
CashAndCashEquivalentsPeriodIncreaseDecrease,-268721000.000,,,,-164662000.000,,,,-134815000.000,,,,-199388000.000,,,,-116574000.000,,,,-56126000.000,,,,-41379000.000
CommonStockDividendsPerShareDeclared,0.320,0.320,0.320,0.320,0.360,0.360,0.360,0.360,0.420,0.140,0.140,-0.140,0.160,0.160,0.160,0.160,0.180,0.180,0.180,0.180,0.190,0.190,0.190,0.190,0.190
ComprehensiveIncomeNetOfTax,145202000.000,126223000.000,2607000.000,88959000.000,127883000.000,51353000.000,138170000.000,122721000.000,66868000.000,94249000.000,164861000.000,162385000.000,113456000.000,132694000.000,32952000.000,80793000.000,-76041000.000,92446000.000,44439000.000,47194000.000,74264000.000,38085000.000,-32383000.000,-21611000.000,51048000.000
ComprehensiveIncomeNetOfTaxAttributableToNoncontrollingInterest,436000.000,-4000.000,-110000.000,279000.000,452000.000,1022000.000,700000.000,180000.000,1344000.000,349000.000,29000.000,1034000.000,1030000.000,1651000.000,1934000.000,1529000.000,1997000.000,3059000.000,829000.000,1151000.000,1206000.000,-9000.000,807000.000,1783000.000,772000.000
ComprehensiveIncomeNetOfTaxIncludingPortionAttributableToNoncontrollingInterest,145638000.000,126219000.000,2497000.000,89238000.000,128335000.000,52375000.000,138870000.000,122901000.000,68212000.000,94598000.000,164890000.000,163419000.000,114486000.000,134345000.000,34886000.000,82322000.000,-74044000.000,95505000.000,45268000.000,48345000.000,75470000.000,38076000.000,-31576000.000,-19828000.000,51820000.000
CostOfGoodsAndServicesSold,649512000.000,756414000.000,745227000.000,845402000.000,715797000.000,797623000.000,776319000.000,880649000.000,723288000.000,817950000.000,806318000.000,918968000.000,691014000.000,794072000.000,782522000.000,895660000.000,682890000.000,793155000.000,707726000.000,889941000.000,639247000.000,701508000.000,677891000.000,741262000.000,599746000.000
Depreciation,21807000.000,,,,22570000.000,,,,21403000.000,,,,23058000.000,,,,24600000.000,,,,24505000.000,,,,24586000.000
DerivativeInstrumentsGainLossReclassifiedFromAccumulatedOCIIntoIncomeEffectivePortionNet,,-396000.000,,,,,,,,,,,,,,,,,,,,,,,
DerivativeInstrumentsGainLossRecognizedInIncomeNet,,4528000.000,-9892000.000,,,,,,,,,,,,,,,,,,,,,,
DerivativeInstrumentsGainLossRecognizedInOtherComprehensiveIncomeEffectivePortionNet,,-1073000.000,,,,,,,,,,,,,,,,,,,,,,,
EarningsPerShareBasic,1.740,1.770,1.940,2.270,1.710,1.990,2.090,2.790,2.030,0.850,0.900,-0.350,0.780,0.900,0.940,1.170,0.210,0.560,0.710,0.530,0.290,0.480,-0.160,0.500,0.110
EarningsPerShareDiluted,1.720,1.760,1.920,2.240,1.690,1.980,2.070,2.770,2.010,0.840,0.900,-0.340,0.780,0.900,0.930,1.150,0.200,0.560,0.700,0.540,0.290,0.480,-0.160,0.500,0.110
EffectOfExchangeRateOnCashAndCashEquivalents,7725000.000,,,,4309000.000,,,,-3414000.000,,,,-951000.000,,,,-18385000.000,,,,7591000.000,,,,9015000.000
EffectiveIncomeTaxRateContinuingOperations,,0.279,0.229,,0.275,0.267,0.261,-0.540,0.330,0.294,0.306,-0.635,0.259,0.289,0.288,-0.552,0.490,0.287,0.355,-0.779,0.316,0.285,-0.330,0.066,-0.310
EquityMethodInvestmentRealizedGainLossOnDisposal,,,,,,,,,12995000.000,,,,,,,,,,,,,,,,
EquityMethodInvestmentSummarizedFinancialInformationGrossProfitLoss,,20209000.000,21356000.000,,25563000.000,19189000.000,19928000.000,19016000.000,,,,,,,,,,,,,,,,,
EquityMethodInvestmentSummarizedFinancialInformationNetIncomeLoss,,9436000.000,10583000.000,,13304000.000,9226000.000,9208000.000,9359000.000,,,,,,,,,,,,,,,,,
EquityMethodInvestmentSummarizedFinancialInformationNetSalesOrGrossRevenue,,70909000.000,,,,,,,,,,,,,,,,,,,,,,,
EquityMethodInvestmentSummarizedFinancialInformationRevenue,,,91832000.000,,83237000.000,67671000.000,72690000.000,71875000.000,,,,,,,,,,,,,,,,,
ExcessTaxBenefitFromShareBasedCompensationFinancingActivities,4987000.000,,,,10889000.000,,,,6818000.000,,,,8353000.000,,,,5800000.000,,,,-45000.000,,,,-3198000.000
ExcessTaxBenefitFromShareBasedCompensationOperatingActivities,4987000.000,,,,10889000.000,,,,6818000.000,,,,8353000.000,,,,5800000.000,,,,-45000.000,,,,
ForeignCurrencyTransactionGainLossBeforeTax,,,,,,,,,,,,,,,,,-28539000.000,,,,-11496000.000,,,,-594000.000
GainLossOnSaleOfBusiness,,,,,,,,,,,,,13403000.000,,,,0.000,,,,,,,,
GainLossOnSaleOfEquityInvestments,,,,,,,,,,,,,0.000,,,,,,,,,,,,
GainLossOnSaleOfPropertyPlantEquipment,493000.000,,,,10410000.000,,,,-236000.000,,,,-74000.000,,,,,,,,,,,,
GrossProfit,347695000.000,369338000.000,376586000.000,420027000.000,359183000.000,384602000.000,389604000.000,447562000.000,373308000.000,421576000.000,422739000.000,470472000.000,377122000.000,430306000.000,421490000.000,485699000.000,331730000.000,369092000.000,388750000.000,397746000.000,308001000.000,324724000.000,265443000.000,333386000.000,263880000.000
IncomeLossFromEquityMethodInvestments,5197000.000,3751000.000,4367000.000,5796000.000,5229000.000,4086000.000,3899000.000,3738000.000,31680000.000,2145000.000,2218000.000,2974000.000,3431000.000,2187000.000,1825000.000,4672000.000,1573000.000,2079000.000,2615000.000,3594000.000,3319000.000,1809000.000,3394000.000,2701000.000,5165000.000
IncomeLossFromEquityMethodInvestmentsNetOfDividendsOrDistributions,839000.000,,,,3049000.000,,,,3066000.000,,,,1986000.000,,,,,,,,,,,,
IncomeTaxExpenseBenefit,33629000.000,38227000.000,32052000.000,54616000.000,35515000.000,39580000.000,37769000.000,47902000.000,48733000.000,50395000.000,55870000.000,49703000.000,38015000.000,50794000.000,52725000.000,66771000.000,28506000.000,30920000.000,52099000.000,37397000.000,17691000.000,25122000.000,4996000.000,27477000.000,6755000.000
IncreaseDecreaseInAccountsPayable,-125280000.000,,,,-108602000.000,,,,-103881000.000,,,,-123050000.000,,,,-131208000.000,,,,-89487000.000,,,,-61918000.000
IncreaseDecreaseInAccountsReceivable,43753000.000,,,,-37692000.000,,,,-40223000.000,,,,-77264000.000,,,,-59396000.000,,,,-89649000.000,,,,-66343000.000
IncreaseDecreaseInDeferredIncomeTaxes,-3400000.000,,,,781000.000,,,,25000.000,,,,-773000.000,,,,-9117000.000,,,,9984000.000,,,,-7215000.000
IncreaseDecreaseInInventories,106686000.000,,,,112513000.000,,,,83502000.000,,,,76990000.000,,,,117848000.000,,,,69863000.000,,,,22669000.000
IncreaseDecreaseInOtherOperatingAssets,2822000.000,,,,1698000.000,,,,-70000.000,,,,-4025000.000,,,,2330000.000,,,,9095000.000,,,,5074000.000
IncreaseDecreaseInPrepaidDeferredExpenseAndOtherAssets,,,,,,,,,9831000.000,,,,6897000.000,,,,22781000.000,,,,-2904000.000,,,,2436000.000
InterestExpense,8605000.000,9534000.000,8544000.000,9498000.000,8809000.000,8922000.000,12144000.000,13645000.000,12092000.000,13125000.000,13046000.000,16150000.000,15149000.000,15027000.000,15130000.000,15016000.000,16037000.000,15392000.000,16283000.000,17558000.000,14568000.000,15274000.000,15141000.000,15154000.000,14696000.000
InterestIncomeDepositsWithFinancialInstitutions,489000.000,394000.000,216000.000,482000.000,282000.000,237000.000,208000.000,227000.000,274000.000,277000.000,325000.000,555000.000,331000.000,507000.000,400000.000,442000.000,758000.000,249000.000,499000.000,559000.000,676000.000,645000.000,924000.000,559000.000,624000.000
InterestIncomeExpenseNet,,,,,,,-11936000.000,,-11818000.000,-12848000.000,-12721000.000,-15595000.000,-14818000.000,-14520000.000,-14730000.000,-14574000.000,,,,,,,,,
NetCashProvidedByUsedInFinancingActivities,-27531000.000,,,,-34566000.000,,,,-25382000.000,,,,-129215000.000,,,,418875000.000,,,,-35610000.000,,,,-38826000.000
NetCashProvidedByUsedInFinancingActivitiesContinuingOperations,-27531000.000,,,,-34566000.000,,,,-25382000.000,,,,-129215000.000,,,,418875000.000,,,,-35610000.000,,,,-38826000.000
NetCashProvidedByUsedInInvestingActivities,-20728000.000,,,,-26514000.000,,,,2051000.000,,,,15443000.000,,,,-423863000.000,,,,-20111000.000,,,,-15495000.000
NetCashProvidedByUsedInInvestingActivitiesContinuingOperations,-20728000.000,,,,-26514000.000,,,,2051000.000,,,,15443000.000,,,,-423863000.000,,,,-20111000.000,,,,-15495000.000
NetCashProvidedByUsedInOperatingActivities,-228187000.000,,,,-107891000.000,,,,-108070000.000,,,,-84665000.000,,,,-93201000.000,,,,-7996000.000,,,,3927000.000
NetCashProvidedByUsedInOperatingActivitiesContinuingOperations,-228187000.000,,,,-107891000.000,,,,-108070000.000,,,,-84665000.000,,,,-93201000.000,,,,-7996000.000,,,,3927000.000
NetIncomeLoss,96982000.000,98732000.000,107771000.000,125097000.000,93125000.000,107316000.000,106296000.000,141602000.000,97789000.000,120386000.000,126271000.000,141084000.000,107734000.000,123513000.000,128562000.000,159015000.000,27666000.000,75008000.000,93623000.000,71372000.000,37859000.000,62997000.000,-20928000.000,65132000.000,14823000.000
NetIncomeLossAttributableToNoncontrollingInterest,14000.000,-8000.000,185000.000,458000.000,417000.000,1169000.000,538000.000,336000.000,1111000.000,508000.000,259000.000,912000.000,854000.000,1652000.000,2038000.000,1517000.000,1979000.000,1624000.000,913000.000,1089000.000,425000.000,-9000.000,808000.000,1853000.000,239000.000
NetIncomeLossAvailableToCommonStockholdersBasic,,98736000.000,107775000.000,,93129000.000,107320000.000,106300000.000,141605000.000,97792000.000,120389000.000,126274000.000,141088000.000,107737000.000,123516000.000,128565000.000,159018000.000,27669000.000,75011000.000,93626000.000,71375000.000,37861000.000,62999000.000,-20928000.000,65134000.000,14823000.000
OperatingIncomeLoss,130253000.000,140106000.000,154957000.000,193361000.000,142523000.000,164796000.000,165706000.000,202753000.000,170479000.000,183521000.000,193388000.000,212895000.000,164326000.000,194315000.000,192443000.000,238748000.000,93376000.000,127577000.000,167849000.000,136766000.000,74410000.000,98004000.000,-2806000.000,107847000.000,47016000.000
OtherComprehensiveIncomeDefinedBenefitPlansAdjustmentNetOfTaxPeriodIncreaseDecrease,,,,,45000.000,,,,,,,,,,,,,,,,,,,,
OtherComprehensiveIncomeDefinedBenefitPlansTax,,,,,-384000.000,,,,,,,,,,,,,,,,,,,,
OtherComprehensiveIncomeDerivativesQualifyingAsHedgesTaxEffectPeriodIncreaseDecrease,,,,,237000.000,,,,,,,,,,,,,,,,,,,,
OtherComprehensiveIncomeForeignCurrencyTransactionAndTranslationAdjustmentNetOfTaxPeriodIncreaseDecrease,48789000.000,27318000.000,-107740000.000,-25209000.000,35140000.000,,,,,,,,,,,,,,,,,,,,
OtherComprehensiveIncomeForeignCurrencyTranslationAdjustmentTax,,,,,-21264000.000,,,,,,,,,,,,,,,,,,,,
OtherComprehensiveIncomeLossBeforeReclassificationsNetOfTax,,,,,,,,,,,34929000.000,,-2187000.000,6422000.000,-98289000.000,-77945000.000,-109286000.000,14639000.000,-53284000.000,-28363000.000,35346000.000,-27240000.000,-13744000.000,-89383000.000,35099000.000
OtherComprehensiveIncomeLossDerivativesQualifyingAsHedgesNetOfTax,,,,,,,,,,,152000.000,,168000.000,-65000.000,-2797000.000,-1702000.000,-5146000.000,3427000.000,1538000.000,1933000.000,643000.000,560000.000,560000.000,457000.000,103000.000
OtherComprehensiveIncomeLossDerivativesQualifyingAsHedgesTax,,,,,,-78000.000,-130000.000,,-173000.000,151000.000,74000.000,-535000.000,-71000.000,12000.000,1089000.000,907000.000,2027000.000,-1582000.000,-663000.000,-644000.000,-264000.000,-155000.000,-200000.000,-115000.000,-34000.000
OtherComprehensiveIncomeLossForeignCurrencyTransactionAndTranslationAdjustmentNetOfTax,,,,,,-58699000.000,31641000.000,,-37661000.000,-29425000.000,38581000.000,-365000.000,2951000.000,7782000.000,-100195000.000,-59118000.000,-106434000.000,13666000.000,-54494000.000,-27627000.000,33757000.000,-28622000.000,-15735000.000,-61546000.000,36171000.000
OtherComprehensiveIncomeLossForeignCurrencyTranslationAdjustmentTax,,,,,,35520000.000,-19147000.000,,22790000.000,-17811000.000,23353000.000,-45683000.000,-1786000.000,-4677000.000,60220000.000,34973000.000,63561000.000,-8161000.000,32543000.000,-192117000.000,-24012000.000,17049000.000,9373000.000,-45274000.000,-21490000.000
OtherComprehensiveIncomeLossNetOfTax,,,,,,-56110000.000,32036000.000,,-30688000.000,-26296000.000,38360000.000,21423000.000,5898000.000,9180000.000,-95714000.000,-78210000.000,-103689000.000,18873000.000,-49268000.000,-24116000.000,37186000.000,-24912000.000,-11456000.000,-86813000.000,36758000.000
OtherComprehensiveIncomeLossNetOfTaxPeriodIncreaseDecrease,48642000.000,27495000.000,-105459000.000,-36317000.000,34793000.000,,,,,,,,,,,,,,,,,,,,
OtherComprehensiveIncomeLossPensionAndOtherPostretirementBenefitPlansAdjustmentNetOfTax,,,,,,-2501000.000,-180000.000,,-6732000.000,-2895000.000,373000.000,-22975000.000,-2779000.000,-1463000.000,-7278000.000,17390000.000,-7891000.000,-1780000.000,-3688000.000,-1578000.000,-2786000.000,-3150000.000,-3719000.000,25724000.000,-484000.000
OtherComprehensiveIncomeLossPensionAndOtherPostretirementBenefitPlansTax,,,,,,-1278000.000,-463000.000,,2771000.000,1456000.000,407000.000,-24852000.000,-938000.000,-819000.000,-2805000.000,13260000.000,1692000.000,-134000.000,-1615000.000,-6786000.000,-742000.000,-1877000.000,-925000.000,10825000.000,-356000.000
OtherComprehensiveIncomeLossReclassificationAdjustmentOnDerivativesIncludedInNetIncomeNetOfTax,,,,,,88000.000,215000.000,,241000.000,234000.000,,,,,,,,,,,,,,,
OtherComprehensiveIncomeReclassificationAdjustmentOnDerivativesIncludedInNetIncomeNetOfTax,-248000.000,-677000.000,-516000.000,1134000.000,-392000.000,,,,,,,,,,,,,,,,,,,,
OtherNonoperatingIncomeExpense,8488000.000,5985000.000,-6621000.000,-4174000.000,-4939000.000,-8046000.000,-9167000.000,505000.000,-11028000.000,616000.000,1733000.000,-5601000.000,-2905000.000,-3836000.000,5612000.000,3129000.000,-19946000.000,-4882000.000,-5430000.000,-9909000.000,-4543000.000,4735000.000,1899000.000,1210000.000,-11127000.000
PaymentsForRepurchaseOfCommonStock,13819000.000,,,,22050000.000,,,,155552000.000,,,,109605000.000,,,,79899000.000,,,,0.000,,,,
PaymentsOfDividends,16132000.000,,,,17410000.000,,,,17514000.000,,,,19387000.000,,,,21686000.000,,,,23415000.000,,,,24785000.000
PaymentsToAcquireBusinessesNetOfCashAcquired,,,,,3996000.000,,,,10143000.000,,,,0.000,,,,341545000.000,,,,0.000,,,,
PaymentsToAcquireProductiveAssets,23501000.000,,,,28686000.000,,,,34258000.000,,,,31663000.000,,,,83967000.000,,,,20212000.000,,,,15862000.000
ProceedsFromDivestitureOfBusinesses,,,,,,,,,,,,,46805000.000,,,,0.000,,,,,,,,
ProceedsFromIssuanceOfSeniorLongTermDebt,,,,,,,,,,,,,,,,,523418000.000,,,,0.000,,,,
ProceedsFromLinesOfCredit,,,,,,,,,150000000.000,,,,0.000,,,,,,,,,,,,
ProceedsFromPaymentsForOtherFinancingActivities,3460000.000,,,,440000.000,,,,-4013000.000,,,,1809000.000,,,,7190000.000,,,,-142000.000,,,,-244000.000
ProceedsFromPaymentsToMinorityShareholders,,,,,-212000.000,,,,,,,,,,,,,,,,,,,,
ProceedsFromRepaymentsOfLinesOfCredit,,,,,,,,,,,,,,,,,-1005000.000,,,,0.000,,,,
ProceedsFromSaleOfEquityMethodInvestments,,,,,,,,,46240000.000,,,,,,,,,,,,,,,,
ProceedsFromSaleOfPropertyPlantAndEquipment,2773000.000,,,,7788000.000,,,,212000.000,,,,301000.000,,,,1649000.000,,,,101000.000,,,,367000.000
ProceedsFromShortTermDebt,,,,,,,,,150000000.000,,,,,,,,,,,,,,,,
ProceedsFromStockOptionsExercised,223000.000,,,,27000.000,,,,,,,,,,,,,,,,,,,,
ProfitLoss,96996000.000,98724000.000,107956000.000,125555000.000,93542000.000,108485000.000,106834000.000,141938000.000,98900000.000,120894000.000,126530000.000,141996000.000,108588000.000,125165000.000,130600000.000,160532000.000,29645000.000,76632000.000,94536000.000,72461000.000,38284000.000,62988000.000,-20120000.000,66985000.000,15062000.000
ReclassificationFromAccumulatedOtherComprehensiveIncomeCurrentPeriodNetOfTax,,,,,,,,,,,-3431000.000,,8085000.000,-2758000.000,-2575000.000,-15905000.000,-5597000.000,-4234000.000,-4016000.000,-4247000.000,-1840000.000,-2328000.000,-2288000.000,-2570000.000,-1659000.000
RepaymentsOfLongTermDebt,6250000.000,6300000.000,6300000.000,6150000.000,6250000.000,6300000.000,,,5000000.000,,,,10000000.000,,,,10000000.000,,,,15000000.000,,,,15000000.000
RestructuringAndRelatedCostIncurredCost,,,,,,,,,,,,,1000000.000,,,,,33200000.000,1700000.000,,,,,,
RestructuringCharges,,,,,,,,,,,,,,,,,,,,,5722000.000,14506000.000,31815000.000,25634000.000,1508000.000
Revenues,997207000.000,1125752000.000,1121813000.000,1265429000.000,1074980000.000,1182225000.000,1165923000.000,1328211000.000,1096596000.000,1239526000.000,1229057000.000,1389440000.000,1068136000.000,1224378000.000,1204012000.000,1381359000.000,1014620000.000,1162247000.000,1096476000.000,1287687000.000,947248000.000,1026232000.000,943334000.000,1074648000.000,863626000.000
RevenuesFromTransactionsWithOtherOperatingSegmentsOfSameEntity,,,,,0.000,0.000,0.000,0.000,0.000,0.000,,,,,,,,,,,,,,,
SalesRevenueNet,997207000.000,1125752000.000,1121813000.000,1265429000.000,1074980000.000,1182225000.000,1165923000.000,1328211000.000,1096596000.000,1239526000.000,1229057000.000,1389440000.000,1068136000.000,1224378000.000,1204012000.000,1381359000.000,1014620000.000,1162247000.000,1096476000.000,1287687000.000,947248000.000,1026232000.000,943334000.000,1074648000.000,863626000.000
SegmentReportingInformationIntersegmentRevenue,,43142000.000,,,,,,,,,,,,,,,,,,,,,,,
SegmentReportingInformationOperatingIncomeLoss,,156238000.000,,,,,,,,,,,,,,,,,,,,,,,
SegmentReportingInformationRevenueFromExternalCustomers,,1125752000.000,,,,,,,,,,,,,,,,,,,,,,,
SellingGeneralAndAdministrativeExpense,222639000.000,232983000.000,225996000.000,232462000.000,221889000.000,223892000.000,227797000.000,248547000.000,234509000.000,240200000.000,231569000.000,260551000.000,216227000.000,238178000.000,230872000.000,251623000.000,239927000.000,243594000.000,223516000.000,264574000.000,236910000.000,228529000.000,271643000.000,228240000.000,222029000.000
ShareBasedCompensation,8610000.000,,,,7796000.000,,,,8035000.000,,,,9916000.000,,,,9095000.000,,,,15957000.000,,,,11307000.000
ShareBasedCompensationArrangementByShareBasedPaymentAwardEquityInstrumentsOtherThanOptionsVestedInPeriodTotalFairValue,,1200000.000,200000.000,,,,,,,,,,,,,,,,,,,,,,
ShareBasedCompensationArrangementByShareBasedPaymentAwardOptionsExercisesInPeriodTotalIntrinsicValue,,1000000.000,,,,,,,,,,,,,,,,,,,,,,,
ShareBasedCompensationArrangementByShareBasedPaymentAwardOptionsGrantsInPeriod,,,,,,,,,,,,,0.000,,,,0.000,,,,0.000,,,,0.000
StockIssuedDuringPeriodSharesStockSplits,,,,,,,,,,117861772.000,,,,,,,,,,,,,,,
StockRepurchaseProgramRemainingAuthorizedRepurchaseAmount,,,,,278000000.000,,,,687200000.000,,,,,,,,,,,,,,,,
StockholdersEquityNoteStockSplitConversionRatio,,,,,,,,,,3.000,,,,,,,,,,,,,,,
TreasuryStockSharesAcquired,,100000.000,168750.000,,185000.000,3307003.000,826082.000,1894695.000,992368.000,,,,,573881.000,475177.000,,1382025.000,1072421.000,2378700.000,,0.000,0.000,0.000,,0.000
TreasuryStockValueAcquiredCostMethod,,12200000.000,15100000.000,,22000000.000,350800000.000,101000000.000,298142000.000,155600000.000,,,,,43500000.000,35300000.000,,79900000.000,59700000.000,110000000.000,54051000.000,,,,,
UnrecognizedTaxBenefitsPeriodIncreaseDecrease,,,,,1300000.000,,,,-500000.000,,,,-200000.000,,,,8100000.000,,,,1100000.000,,,,3400000.000
WeightedAverageNumberDilutedSharesOutstandingAdjustment,,495000.000,518000.000,,561000.000,271000.000,315000.000,-774000.000,387000.000,670000.000,720000.000,-947000.000,1136000.000,809000.000,862000.000,-1876000.000,1036000.000,594000.000,610000.000,-1503000.000,670000.000,456000.000,0.000,-583000.000,713000.000
WeightedAverageNumberOfDilutedSharesOutstanding,,56242000.000,56161000.000,,55031000.000,54266000.000,51285000.000,-107926000.000,48543000.000,142882000.000,141085000.000,-190081000.000,138870000.000,137995000.000,137529000.000,-276551000.000,135954000.000,134831000.000,133160000.000,-270134000.000,130812000.000,130910000.000,130299000.000,-261046000.000,131275000.000
WeightedAverageNumberOfSharesIssuedBasic,,55483000.000,55381000.000,,54203000.000,53740000.000,50706000.000,-106630000.000,47903000.000,141524000.000,139689000.000,-188215000.000,137123000.000,136613000.000,136100000.000,-273502000.000,134388000.000,133742000.000,132036000.000,-267599000.000,129781000.000,130180000.000,130299000.000,-260113000.000,130393000.000
WeightedAverageNumberOfSharesOutstandingBasic,,55747000.000,55643000.000,,54470000.000,53995000.000,50970000.000,-107152000.000,48156000.000,142212000.000,140365000.000,-189134000.000,137734000.000,137186000.000,136667000.000,-274675000.000,134918000.000,134237000.000,132550000.000,-268631000.000,130142000.000,130454000.000,130299000.000,-260463000.000,130562000.000
