,2011-06-30,2011-09-30,2012-03-31,2012-06-30,2012-09-30,2012-12-31,2013-03-31,2013-06-30,2013-09-30,2013-12-31,2014-03-31,2014-06-30,2014-09-30,2014-12-31,2015-03-31,2015-06-30,2015-09-30,2015-12-31,2016-03-31,2016-06-30,2016-09-30,2016-12-31,2017-03-31
AllocatedShareBasedCompensationExpense,,,,942000.000,1806000.000,,1383000.000,-161000.000,955000.000,,883000.000,423000.000,-314000.000,,157000.000,-204000.000,156000.000,,77000.000,-15000.000,188000.000,,467000.000
AntidilutiveSecuritiesExcludedFromComputationOfEarningsPerShareAmount,,,,,,,,,,,,,,,,3820881.000,3698259.000,,375025.000,,809518.000,,960606.000
AvailableForSaleSecuritiesGrossUnrealizedGains,,,,,,,,,,,7000.000,,,,,,,,,,,,
AvailableForSaleSecuritiesGrossUnrealizedLoss,,,,,,,,,,,0.000,,,,,,,,,,,,
BusinessCombinationConsiderationTransferred1,,,,,,,,,,,,,3200000.000,,3200000.000,,,,3200000.000,,,,
BusinessCombinationConsiderationTransferredEquityInterestsIssuedAndIssuable,,,,,,,,,,,,,715000.000,,715000.000,,,,715000.000,,,,
BusinessCombinationContingentConsiderationArrangementsChangeInAmountOfContingentConsiderationLiability1,,,,,,,,,,,,,,,-101000.000,,,,-318000.000,,,,0.000
BusinessCombinationProvisionalInformationInitialAccountingIncompleteAdjustmentConsiderationTransferred,,,,,,,,,,,,,225000.000,,225000.000,,,,225000.000,,,,
CashAndCashEquivalentsPeriodIncreaseDecrease,,,2788000.000,,,,-2786000.000,,,,2663000.000,,,,-3983000.000,,,,-2403000.000,,,,-1478000.000
ComprehensiveIncomeNetOfTax,,,-2358000.000,-2374000.000,-3998000.000,-3823000.000,-9693000.000,-658000.000,-2965000.000,-3788000.000,-4040000.000,-8579000.000,-10091000.000,-3062000.000,-2541000.000,-4667000.000,-1223000.000,-5965000.000,,,,,
ComprehensiveIncomeNetOfTaxAttributableToNoncontrollingInterest,,,,,-156000.000,,-148000.000,-176000.000,-266000.000,-218000.000,-117000.000,-239000.000,-179000.000,,0.000,0.000,0.000,,,,,,
ComprehensiveIncomeNetOfTaxIncludingPortionAttributableToNoncontrollingInterest,,,,,-4154000.000,,-9841000.000,-834000.000,-3231000.000,-4006000.000,-4157000.000,-8818000.000,-10270000.000,-3062000.000,-2541000.000,-4667000.000,-1223000.000,-5965000.000,-757000.000,-1093000.000,-1243000.000,-1853000.000,-1117000.000
ConcentrationRiskPercentage1,,,,,,,,,,,0.453,0.487,0.343,-0.944,0.352,0.389,0.379,-0.748,0.396,,,,
CostOfGoodsSold,22966000.000,25419000.000,22450000.000,24230000.000,16672000.000,12039000.000,13078000.000,12558000.000,7348000.000,8932000.000,8739000.000,7072000.000,3877000.000,,,,,,,,,,
CostOfRevenue,23539000.000,25920000.000,23035000.000,24753000.000,17165000.000,12609000.000,13406000.000,12881000.000,7559000.000,9157000.000,9144000.000,7519000.000,4180000.000,-4025000.000,4244000.000,3821000.000,4370000.000,4093000.000,3837000.000,3354000.000,3701000.000,3410000.000,3326000.000
CostOfServices,573000.000,501000.000,585000.000,523000.000,493000.000,570000.000,328000.000,323000.000,211000.000,225000.000,405000.000,447000.000,303000.000,,,,,,,,,,
CurrentIncomeTaxExpenseBenefit,,,,144000.000,,,,,,,,,,,,,,,,,,,
DepreciationDepletionAndAmortization,,,1352000.000,,,,1058000.000,,,,923000.000,,,,601000.000,,,,144000.000,,,,110000.000
DiscontinuedOperationIncomeLossFromDiscontinuedOperationBeforeIncomeTax,,,,,,,,,,,,,-1887000.000,,,,,,,,,,
DiscontinuedOperationTaxEffectOfDiscontinuedOperation,,,,,,,,,,,,,0.000,,,,,,,,,,
DisposalGroupIncludingDiscontinuedOperationCostsOfGoodsSold,,,,,,,,,,,,,3433000.000,,,,,,,,,,
DisposalGroupIncludingDiscontinuedOperationOperatingExpense,,,,,,,,,,,,,3921000.000,,,,,,,,,,
DisposalGroupIncludingDiscontinuedOperationRevenue,,,,,,,,,,,,,5467000.000,,,,,,,,,,
EarningsPerShareBasic,0.000,0.020,-0.060,-0.040,-0.100,-0.100,-0.220,-0.020,-0.080,-0.090,-0.090,-0.200,,,,,,,,,,,
EarningsPerShareBasicAndDiluted,,,,,,,,,,,,,,,,,,,,,-0.290,,-0.270
EarningsPerShareDiluted,0.000,0.020,-0.060,-0.040,-0.100,-0.100,-0.220,-0.020,-0.080,-0.090,-0.090,-0.200,,,,,,,,,,,
EffectOfExchangeRateOnCashAndCashEquivalents,,,166000.000,,,,-392000.000,,,,-73000.000,,,,-851000.000,,,,10000.000,,,,19000.000
EntityWideRevenueMajorCustomerPercentage,,,,0.639,0.537,,0.567,0.672,0.579,-1.315,,,,,,,,,,,,,
GainLossOnSaleOfBusiness,,,,,,,,,,,,,254000.000,,,,,,,,,,
GainLossOnSaleOfPropertyPlantEquipment,,,0.000,,,,3000.000,,,,3000.000,,,,,,,,,,,,
GainLossOnSalesOfAssetsAndAssetImpairmentCharges,,,,,,,,,,,,,,,0.000,,,,,,,,
GeneralAndAdministrativeExpense,4771000.000,3747000.000,4346000.000,3599000.000,3679000.000,3426000.000,3886000.000,3234000.000,3925000.000,3599000.000,3770000.000,3580000.000,3538000.000,2846000.000,2821000.000,2187000.000,2547000.000,1694000.000,1999000.000,2219000.000,2092000.000,1767000.000,1924000.000
GoodwillAcquiredDuringPeriod,,,,,,,,,,,,,1257000.000,,1257000.000,,,,1257000.000,,,,
GoodwillImpairmentLoss,,,,,,,,,,,,3388000.000,,,3400000.000,,,,,,,,
GrossProfit,20204000.000,17907000.000,17298000.000,16069000.000,11899000.000,11189000.000,11776000.000,11955000.000,10455000.000,8971000.000,8647000.000,7520000.000,4998000.000,747000.000,5624000.000,5542000.000,5613000.000,5497000.000,4810000.000,4707000.000,4478000.000,4088000.000,4473000.000
ImpairmentOfLongLivedAssetsHeldForUse,,,,,,,,,,,,687000.000,4409000.000,,,,,,,,,,
IncomeLossFromContinuingOperations,,,,,,,,,,,,,-7226000.000,,-1424000.000,-5163000.000,-1047000.000,,,,,,
IncomeLossFromContinuingOperationsBeforeIncomeTaxesExtraordinaryItemsNoncontrollingInterest,,,,,-3843000.000,,-9321000.000,-421000.000,-2755000.000,-3673000.000,-3838000.000,-8396000.000,-7641000.000,4645000.000,-1997000.000,-4516000.000,-1236000.000,-5838000.000,-742000.000,-1023000.000,-1222000.000,-1742000.000,-1140000.000
IncomeLossFromContinuingOperationsBeforeIncomeTaxesMinorityInterestAndIncomeLossFromEquityMethodInvestments,-21000.000,769000.000,-2621000.000,-1737000.000,-4363000.000,-4241000.000,-9358000.000,-897000.000,-3666000.000,-4186000.000,-4115000.000,-8746000.000,-7193000.000,4654000.000,-1411000.000,-5102000.000,-1057000.000,-5613000.000,-947000.000,-520000.000,-1279000.000,-1175000.000,-1205000.000
IncomeLossFromContinuingOperationsPerBasicAndDilutedShare,,,,,,,,,,,,,-0.170,,-0.030,-0.120,-0.020,-2.830,,,,,
IncomeLossFromDiscontinuedOperationsNetOfTax,,,,,,,,,,,,,-2141000.000,,0.000,0.000,0.000,0.000,,,,,
IncomeLossFromDiscontinuedOperationsNetOfTaxAttributableToNoncontrollingInterest,,,,,,,,,,,,,-179000.000,,0.000,0.000,0.000,0.000,0.000,,,,0.000
IncomeLossFromDiscontinuedOperationsNetOfTaxAttributableToReportingEntity,,,,,,,,,,,,,-1962000.000,,0.000,0.000,0.000,0.000,,,,,
IncomeLossFromDiscontinuedOperationsNetOfTaxPerBasicAndDilutedShare,,,,,,,,,,,,,-0.050,,0.000,0.000,0.000,0.000,,,,,
IncomeTaxExpenseBenefit,120000.000,114000.000,-53000.000,144000.000,57000.000,71000.000,37000.000,106000.000,113000.000,55000.000,-25000.000,106000.000,33000.000,97000.000,13000.000,61000.000,-10000.000,-14000.000,6000.000,51000.000,23000.000,102000.000,-6000.000
IncomeTaxesPaidNet,,,56000.000,,,,123000.000,,,,103000.000,,,,69000.000,,,,53000.000,,,,37000.000
IncreaseDecreaseInAccountsPayable,,,-1915000.000,,,,-809000.000,,,,605000.000,,,,-1459000.000,,,,113000.000,,,,42000.000
IncreaseDecreaseInAccountsReceivable,,,-9570000.000,,,,609000.000,,,,609000.000,,,,136000.000,,,,189000.000,,,,96000.000
IncreaseDecreaseInAccruedInvestmentIncomeReceivable,,,-13000.000,,,,-6000.000,,,,5000.000,,,,8000.000,,,,11000.000,,,,16000.000
IncreaseDecreaseInAccruedLiabilities,,,-2567000.000,,,,5197000.000,,,,-1912000.000,,,,14000.000,,,,-904000.000,,,,-545000.000
IncreaseDecreaseInDeferredRevenue,,,-5573000.000,,,,-297000.000,,,,647000.000,,,,141000.000,,,,-131000.000,,,,-39000.000
IncreaseDecreaseInInventories,,,7267000.000,,,,1172000.000,,,,824000.000,,,,-87000.000,,,,433000.000,,,,-54000.000
IncreaseDecreaseInOtherDeferredLiability,,,-12000.000,,,,-9000.000,,,,-9000.000,,,,-9000.000,,,,109000.000,,,,-18000.000
IncreaseDecreaseInOtherOperatingAssets,,,-1486000.000,,,,-514000.000,,,,22000.000,,,,231000.000,,,,-41000.000,,,,124000.000
InterestExpenseOther,371000.000,363000.000,351000.000,344000.000,336000.000,329000.000,321000.000,312000.000,305000.000,297000.000,288000.000,280000.000,271000.000,261000.000,252000.000,128000.000,5000.000,2000.000,0.000,0.000,0.000,0.000,
InterestPaid,,,349000.000,,,,318000.000,,,,285000.000,,,,252000.000,,,,0.000,,,,
LossContingencyLossInPeriod,,,,,,,3452000.000,0.000,0.000,0.000,0.000,0.000,0.000,0.000,,,,,,,,,
LossOnContractTermination,,,,,,,,,,,,,,,,3337000.000,0.000,,,0.000,0.000,,
NetCashProvidedByUsedInFinancingActivities,,,-715000.000,,,,-520000.000,,,,-531000.000,,,,-691000.000,,,,-1000.000,,,,-17000.000
NetCashProvidedByUsedInFinancingActivitiesContinuingOperations,,,-715000.000,,,,-520000.000,,,,-531000.000,,,,-691000.000,,,,-1000.000,,,,-17000.000
NetCashProvidedByUsedInInvestingActivities,,,2628000.000,,,,-160000.000,,,,4691000.000,,,,-88000.000,,,,3000.000,,,,16000.000
NetCashProvidedByUsedInInvestingActivitiesContinuingOperations,,,2628000.000,,,,-160000.000,,,,4691000.000,,,,-88000.000,,,,3000.000,,,,16000.000
NetCashProvidedByUsedInOperatingActivities,,,709000.000,,,,-1714000.000,,,,-1424000.000,,,,-2353000.000,,,,-2415000.000,,,,-1496000.000
NetCashProvidedByUsedInOperatingActivitiesContinuingOperations,,,709000.000,,,,-1714000.000,,,,-1424000.000,,,,-2353000.000,,,,-2415000.000,,,,-1496000.000
NetIncomeLoss,-141000.000,655000.000,-2568000.000,-1881000.000,-4264000.000,-4105000.000,-9247000.000,-827000.000,-3513000.000,-4023000.000,-3973000.000,-8613000.000,-9188000.000,-2552000.000,-1424000.000,-5163000.000,-1047000.000,-5599000.000,-953000.000,-571000.000,-1302000.000,-1277000.000,-1199000.000
NetIncomeLossAttributableToNoncontrollingInterest,,,,,-156000.000,,-148000.000,-176000.000,-266000.000,-218000.000,-117000.000,-239000.000,179000.000,712000.000,,,,,,,,,
NonoperatingIncomeExpense,-153000.000,390000.000,-264000.000,254000.000,-184000.000,-168000.000,284000.000,-164000.000,-606000.000,-216000.000,11000.000,-70000.000,719000.000,270000.000,838000.000,-458000.000,184000.000,227000.000,-205000.000,503000.000,-57000.000,567000.000,-65000.000
NumberOfReportableSegments,,,,,,,1.000,,,,2.000,,,,1.000,,,,1.000,,,,
OperatingExpenses,19701000.000,17165000.000,19304000.000,17716000.000,15742000.000,14933000.000,21097000.000,12376000.000,13210000.000,12644000.000,12485000.000,15916000.000,12639000.000,-3898000.000,7621000.000,10058000.000,6849000.000,11335000.000,5552000.000,5730000.000,5700000.000,5830000.000,5613000.000
OperatingIncomeLoss,503000.000,742000.000,-2006000.000,-1647000.000,,,,,,,,,,,,,,,,,,,
OtherComprehensiveIncomeForeignCurrencyTransactionAndTranslationAdjustmentNetOfTaxPeriodIncreaseDecrease,,,210000.000,,,,,,,,,,,,,,,,,,,,
OtherComprehensiveIncomeLossForeignCurrencyTransactionAndTranslationAdjustmentNetOfTax,,,,-493000.000,264000.000,,-446000.000,169000.000,539000.000,244000.000,-66000.000,36000.000,-902000.000,,-1125000.000,490000.000,-177000.000,-346000.000,184000.000,-523000.000,58000.000,-572000.000,83000.000
OtherComprehensiveIncomeLossNetOfTaxPortionAttributableToParent,,,,-493000.000,266000.000,,-446000.000,169000.000,548000.000,235000.000,-67000.000,34000.000,-903000.000,-510000.000,-1117000.000,496000.000,-176000.000,-366000.000,196000.000,-522000.000,59000.000,-576000.000,82000.000
OtherComprehensiveIncomeUnrealizedHoldingGainLossOnSecuritiesArisingDuringPeriodNetOfTax,,,0.000,,2000.000,,0.000,0.000,9000.000,-9000.000,-1000.000,-2000.000,-1000.000,-11000.000,8000.000,6000.000,1000.000,-20000.000,12000.000,1000.000,1000.000,-4000.000,-1000.000
PaymentsForProceedsFromOtherInvestingActivities,,,8000.000,,,,-6000.000,,,,-3000.000,,,,-16000.000,,,,0.000,,,,-11000.000
PaymentsToAcquireAvailableForSaleSecurities,,,24986000.000,,,,12984000.000,,,,8993000.000,,,,3991000.000,,,,3992000.000,,,,5979000.000
PaymentsToAcquireBusinessesGross,,,,,,,,,,,,,1800000.000,,1800000.000,,,,1800000.000,,,,
PaymentsToAcquirePropertyPlantAndEquipment,,,360000.000,,,,172000.000,,,,302000.000,,,,113000.000,,,,5000.000,,,,16000.000
ProceedsFromMinorityShareholders,,,,,,,0.000,,,,0.000,,,,,,,,,,,,
ProceedsFromSaleAndMaturityOfAvailableForSaleSecurities,,,27982000.000,,,,12990000.000,,,,13983000.000,,,,4000000.000,,,,4000000.000,,,,6000000.000
ProceedsFromStockOptionsExercised,,,0.000,,,,0.000,,,,17000.000,,,,0.000,,,,,,,,
ProfitLoss,,,,,-4420000.000,,-9395000.000,-1003000.000,-3779000.000,-4241000.000,-4090000.000,-8852000.000,-9367000.000,-2552000.000,-1424000.000,-5163000.000,-1047000.000,-5599000.000,,,,,
ProvisionForDoubtfulAccounts,,,-60000.000,,,,11000.000,,,,33000.000,,,,37000.000,,,,0.000,,,,-7000.000
RepaymentsOfOtherDebt,,,469000.000,,,,503000.000,,,,541000.000,,,,587000.000,,,,0.000,,,,
ResearchAndDevelopmentExpense,8874000.000,7533000.000,8801000.000,7393000.000,7256000.000,6559000.000,6744000.000,5122000.000,5294000.000,5201000.000,5073000.000,4397000.000,2305000.000,-2265000.000,2612000.000,2340000.000,2454000.000,2341000.000,2240000.000,1886000.000,2034000.000,2100000.000,2227000.000
RestructuringAndRelatedCostExpectedCost,,,,100000.000,,,,,,,,,,,,,,,,,,,
RestructuringCharges,,,,1176000.000,0.000,,2522000.000,0.000,0.000,0.000,0.000,0.000,227000.000,164000.000,,,0.000,,,,,,
RestructuringReserveSettledWithCash,,,,767000.000,,,,,,,,,,,,,,,,,,,
RevenueFromRelatedParties,1800000.000,2001000.000,227000.000,1532000.000,1768000.000,2931000.000,1890000.000,4187000.000,2523000.000,3163000.000,1549000.000,427000.000,683000.000,334000.000,788000.000,998000.000,1680000.000,1443000.000,1312000.000,0.000,0.000,1000.000,0.000
Revenues,43743000.000,43827000.000,40333000.000,40822000.000,29064000.000,23798000.000,25182000.000,24836000.000,18014000.000,18128000.000,17791000.000,15039000.000,9178000.000,-3278000.000,9868000.000,9363000.000,9983000.000,9590000.000,8647000.000,8061000.000,8179000.000,7498000.000,7799000.000
SalesRevenueGoodsNet,42526000.000,43010000.000,39486000.000,39845000.000,28056000.000,22088000.000,24250000.000,24208000.000,17175000.000,17485000.000,16128000.000,14207000.000,9164000.000,,,,,,,,,,
SalesRevenueNet,43743000.000,43827000.000,40333000.000,40822000.000,29064000.000,23798000.000,25182000.000,24836000.000,18014000.000,18128000.000,17791000.000,15039000.000,9178000.000,-3278000.000,9868000.000,9363000.000,9983000.000,9590000.000,8647000.000,8061000.000,8179000.000,7498000.000,7799000.000
SalesRevenueServicesNet,1217000.000,817000.000,847000.000,977000.000,1008000.000,1710000.000,932000.000,628000.000,839000.000,643000.000,1663000.000,832000.000,14000.000,,,,,,,,,,
SellingAndMarketingExpense,6056000.000,5885000.000,6157000.000,5548000.000,4807000.000,4948000.000,4493000.000,4020000.000,3991000.000,3844000.000,3642000.000,3864000.000,2160000.000,-568000.000,2188000.000,2194000.000,1848000.000,1602000.000,1313000.000,1625000.000,1574000.000,1677000.000,1462000.000
ShareBasedCompensation,,,2817000.000,,,,1383000.000,,,,883000.000,,,,157000.000,,,,77000.000,,,,467000.000
ShareBasedCompensationArrangementByShareBasedPaymentAwardEquityInstrumentsOtherThanOptionsVestedInPeriodTotalFairValue,,,,2000000.000,723000.000,,26000.000,712000.000,416000.000,46000.000,28000.000,1900000.000,351000.000,-1079000.000,244000.000,72000.000,58000.000,5000.000,4000.000,92000.000,21000.000,1000.000,49000.000
ShareBasedCompensationArrangementByShareBasedPaymentAwardOptionsExercisesInPeriodTotalIntrinsicValue,,,,0.000,,,0.000,0.000,0.000,0.000,3000.000,0.000,0.000,0.000,0.000,0.000,0.000,0.000,,,,,
StockIssuedDuringPeriodSharesStockOptionsExercised,,,,,0.000,,0.000,0.000,0.000,0.000,,,,,,,,,,,,,0.000
UnrecognizedTaxBenefitsReductionsResultingFromLapseOfApplicableStatuteOfLimitations,,,,,,,27000.000,,,,42000.000,,,,27000.000,,,,19000.000,,,,14000.000
WeightedAverageNumberDilutedSharesOutstandingAdjustment,,,,,0.000,,0.000,0.000,0.000,0.000,0.000,0.000,0.000,0.000,0.000,0.000,0.000,0.000,0.000,0.000,0.000,0.000,
WeightedAverageNumberOfDilutedSharesOutstanding,42038000.000,42987000.000,42323000.000,42560000.000,42806000.000,-85039000.000,42929000.000,43000000.000,43184000.000,-86021000.000,43264000.000,43325000.000,43507000.000,-86594000.000,43950000.000,44062000.000,44128000.000,-127731000.000,4417000.000,4420000.000,4431000.000,-8843000.000,4434000.000
WeightedAverageNumberOfSharesIssuedBasic,,,,,,,,,,,,,,,,44062000.000,44128000.000,,,,,,
WeightedAverageNumberOfSharesOutstandingBasic,42038000.000,42232000.000,42323000.000,42560000.000,42806000.000,-85039000.000,42929000.000,43000000.000,43184000.000,-86021000.000,43264000.000,43325000.000,43507000.000,-86594000.000,43950000.000,44062000.000,44128000.000,-127731000.000,4417000.000,4420000.000,4431000.000,-8843000.000,4434000.000
