,2011-03-31,2011-09-30,2011-12-31,2012-03-31,2012-06-30,2012-09-30,2012-12-31,2013-03-31,2013-06-30
AdditionsToOtherAssetsAmount,,8700000.000,10900000.000,,,9100000.000,,,
AllocatedShareBasedCompensationExpense,,2600000.000,,3900000.000,,4400000.000,3600000.000,4100000.000,3800000.000
AmortizationOfIntangibleAssets,,6600000.000,,,,8800000.000,8800000.000,8700000.000,8700000.000
AntidilutiveSecuritiesExcludedFromComputationOfEarningsPerShareAmount,,5300000.000,5800000.000,5600000.000,-11100000.000,6200000.000,7300000.000,4100000.000,-11900000.000
AssetImpairmentCharges,,600000.000,,,,,,,
CashAndCashEquivalentsPeriodIncreaseDecrease,,-22400000.000,,,,-7400000.000,,,
ComprehensiveIncomeNetOfTax,,700000.000,13800000.000,23400000.000,16300000.000,12200000.000,5500000.000,6500000.000,12300000.000
CostOfGoodsSold,61800000.000,42800000.000,48700000.000,53300000.000,60400000.000,41300000.000,43200000.000,49200000.000,56500000.000
CostOfGoodsSoldDepreciation,1200000.000,1400000.000,1400000.000,1500000.000,2100000.000,2000000.000,2100000.000,2200000.000,2100000.000
CostOfServices,13900000.000,14300000.000,14400000.000,12600000.000,14200000.000,15200000.000,13700000.000,14800000.000,13700000.000
CostOfServicesDepreciation,10700000.000,14100000.000,13100000.000,14600000.000,15800000.000,17600000.000,17800000.000,19900000.000,19700000.000
CostsAndExpenses,157900000.000,152100000.000,141200000.000,144800000.000,164200000.000,146500000.000,150500000.000,172700000.000,182900000.000
DeferredIncomeTaxExpenseBenefit,,-900000.000,,,,-700000.000,,,
Depreciation,18400000.000,19300000.000,,,,23000000.000,,,
DepreciationAndAmortization,,22600000.000,21200000.000,23100000.000,25300000.000,28000000.000,29000000.000,31700000.000,32500000.000
EarningsPerShareBasic,0.420,0.070,0.290,0.400,0.390,0.170,0.080,0.140,0.240
EarningsPerShareDiluted,0.410,0.070,0.290,0.400,0.390,0.170,0.080,0.140,0.240
EffectOfExchangeRateOnCashAndCashEquivalents,,-1000000.000,,,,-300000.000,,,
EffectiveIncomeTaxRateContinuingOperations,,0.345,0.350,0.338,-0.680,0.350,0.565,0.014,-0.639
EmployeeBenefitsAndShareBasedCompensation,,1700000.000,,2400000.000,,2700000.000,2200000.000,2600000.000,2400000.000
EmployeeServiceShareBasedCompensationTaxBenefitFromCompensationExpense,,900000.000,,1500000.000,,1700000.000,1400000.000,1500000.000,1400000.000
ExcessTaxBenefitFromShareBasedCompensationFinancingActivities,,0.000,,,,,,,
ExcessTaxBenefitFromShareBasedCompensationOperatingActivities,,0.000,,,,,,,
FiniteLivedIntangibleAssetsAmortizationExpense,,6500000.000,4300000.000,6100000.000,,,,,
FutureAmortizationExpenseRemainderOfFiscalYear,,16300000.000,,,,,,,
FutureAmortizationExpenseYearFour,,15600000.000,,,,,,,
FutureAmortizationExpenseYearOne,,20000000.000,,,,,,,
FutureAmortizationExpenseYearThree,,18800000.000,,,,,,,
FutureAmortizationExpenseYearTwo,,20100000.000,,,,,,,
GoodwillAcquiredDuringPeriod,,,,,,1000000.000,,,
GoodwillTranslationAndPurchaseAccountingAdjustments,,-900000.000,,,,800000.000,,,
ImpairmentOfIntangibleAssetsFinitelived,,,,,,14400000.000,,,
IncomeLossFromContinuingOperationsBeforeIncomeTaxesMinorityInterestAndIncomeLossFromEquityMethodInvestments,37200000.000,5800000.000,24800000.000,33400000.000,35100000.000,14300000.000,9900000.000,7400000.000,17100000.000
IncomeTaxExpenseBenefit,13000000.000,2000000.000,8700000.000,11300000.000,13000000.000,5000000.000,5600000.000,-100000.000,3600000.000
IncreaseDecreaseInOperatingCapital,,26400000.000,,,,25500000.000,,,
IncreaseDecreaseInReceivables,,,,,,-17300000.000,-42700000.000,9200000.000,55500000.000
InterestExpense,300000.000,400000.000,400000.000,400000.000,400000.000,700000.000,1000000.000,1000000.000,800000.000
InventoryWriteDown,,2600000.000,900000.000,1100000.000,400000.000,600000.000,200000.000,800000.000,800000.000
LongTermPurchaseCommitmentAmount,,4800000.000,,,,2500000.000,,,
NetCashProvidedByUsedInFinancingActivities,,8200000.000,,,,20600000.000,,,
NetCashProvidedByUsedInFinancingActivitiesContinuingOperations,,8200000.000,,,,20600000.000,,,
NetCashProvidedByUsedInInvestingActivities,,-42700000.000,,,,-48700000.000,,,
NetCashProvidedByUsedInInvestingActivitiesContinuingOperations,,-42700000.000,,,,-48700000.000,,,
NetCashProvidedByUsedInOperatingActivities,,13100000.000,,,,21000000.000,,,
NetCashProvidedByUsedInOperatingActivitiesContinuingOperations,,13100000.000,,,,21000000.000,,,
NetIncomeLoss,,3800000.000,16100000.000,22100000.000,22100000.000,9300000.000,4300000.000,7500000.000,13500000.000
OperatingIncomeLoss,34800000.000,3500000.000,21000000.000,31200000.000,31700000.000,12600000.000,7000000.000,5200000.000,19900000.000
OtherComprehensiveIncomeForeignCurrencyTransactionAndTranslationAdjustmentNetOfTaxPeriodIncreaseDecrease,,-3100000.000,-2300000.000,1300000.000,,,,,
OtherComprehensiveIncomeLossForeignCurrencyTransactionAndTranslationAdjustmentNetOfTax,,,,,,2900000.000,1200000.000,-1000000.000,-1200000.000
OtherNoncashIncomeExpense,,-8100000.000,,,,-1500000.000,,,
PaymentsForRepurchaseOfCommonStock,,27500000.000,,,,5000000.000,,,
PaymentsToAcquireIntangibleAssets,,4700000.000,,,,2800000.000,,,
PaymentsToAcquireOtherPropertyPlantAndEquipment,,22100000.000,,,,25600000.000,,,
PaymentsToAcquireProductiveAssets,,15900000.000,,,,20300000.000,,,
ProceedsFromIssuanceOfSharesUnderIncentiveAndShareBasedCompensationPlansIncludingStockOptions,,,,,,600000.000,,,
ProceedsFromLinesOfCredit,,35000000.000,,,,38000000.000,,,
ProceedsFromStockOptionsExercised,,700000.000,,,,,,,
ProfitLoss,24200000.000,3800000.000,,,,9300000.000,,,
PropertyPlantAndEquipmentDisposals,,77200000.000,,,,,,,
PropertyPlantAndEquipmentTransfersAndChanges,,,,,,600000.000,,,
ProvisionForDoubtfulAccounts,,4900000.000,1300000.000,500000.000,0.000,900000.000,800000.000,700000.000,1200000.000
RepaymentsOfLinesOfCredit,,,,,,13000000.000,,,
ResearchAndDevelopmentExpense,27700000.000,24400000.000,23700000.000,22100000.000,24300000.000,27600000.000,26700000.000,29900000.000,30300000.000
RestructuringCharges,,9100000.000,,,,,,,
RestructuringSettlementAndImpairmentProvisions,,9700000.000,0.000,0.000,0.000,0.000,0.000,0.000,
Revenues,192700000.000,155600000.000,162200000.000,176000000.000,195900000.000,159100000.000,157500000.000,177900000.000,202800000.000
SalesRevenueGoodsNet,120200000.000,87100000.000,97500000.000,110600000.000,133100000.000,88000000.000,84800000.000,98200000.000,119400000.000
SalesRevenueNet,192700000.000,155600000.000,162200000.000,176000000.000,195900000.000,159100000.000,157500000.000,177900000.000,202800000.000
SalesRevenueServicesNet,72500000.000,68500000.000,64700000.000,65400000.000,62800000.000,71100000.000,72700000.000,79700000.000,83400000.000
SellingGeneralAndAdministrativeExpense,36100000.000,38300000.000,33200000.000,33700000.000,40000000.000,34400000.000,37900000.000,47100000.000,49900000.000
ShareBasedCompensation,,2600000.000,,,,4400000.000,,,
ShareBasedCompensationArrangementByShareBasedPaymentAwardOptionsExpirationsInPeriod,,0.000,,,,0.000,,,
ShareBasedCompensationArrangementByShareBasedPaymentAwardOptionsForfeituresInPeriod,,200000.000,,,,0.100,,,
ShareBasedCompensationArrangementByShareBasedPaymentAwardOptionsGrantsInPeriod,,1300000.000,,,,0.200,,,
ShareBasedCompensationArrangementsByShareBasedPaymentAwardOptionsExercisesInPeriodWeightedAverageExercisePrice,,,,,,0.000,,,
ShareBasedCompensationArrangementsByShareBasedPaymentAwardOptionsExpirationsInPeriodWeightedAverageExercisePrice,,,,,,0.000,,,
ShareBasedCompensationArrangementsByShareBasedPaymentAwardOptionsForfeituresInPeriodWeightedAverageExercisePrice,,,,,,29.180,,,
ShareBasedCompensationArrangementsByShareBasedPaymentAwardOptionsGrantsInPeriodWeightedAverageExercisePrice,,,,,,17.810,,,
ShippingHandlingAndTransportationCosts,,5800000.000,6200000.000,5600000.000,6500000.000,6100000.000,5800000.000,6200000.000,4500000.000
StockIssuedDuringPeriodSharesStockOptionsExercised,,0.000,,,,0.000,,,
StockRepurchaseProgramRemainingAuthorizedRepurchaseAmount,,171000000.000,,,,143100000.000,,,
StockRepurchasedDuringPeriodShares,,,,,,300000.000,,,
StockRepurchasedDuringPeriodValue,,,,,,5000000.000,,,
TreasuryStockSharesAcquired,,1332800.000,,,,,,,
TreasuryStockValueAcquiredCostMethod,,27500000.000,,,,,,,
WeightedAverageNumberOfDilutedSharesOutstanding,58900000.000,56600000.000,55800000.000,55500000.000,-112100000.000,54700000.000,54600000.000,55100000.000,-109500000.000
WeightedAverageNumberOfSharesOutstandingBasic,57600000.000,56200000.000,55600000.000,55200000.000,-111500000.000,54500000.000,54500000.000,54700000.000,-109100000.000
