,2011-03-31,2011-06-30,2011-09-30,2011-12-31,2012-03-31,2012-06-30,2012-09-30,2012-12-31,2013-03-31,2013-06-30,2013-09-30,2013-12-31,2014-03-31,2014-06-30,2014-09-30,2014-12-31,2015-03-31,2015-06-30,2015-09-30,2015-12-31,2016-03-31,2016-06-30,2016-09-30,2016-12-31,2017-03-31,2017-06-30
AdjustmentForAmortization,16400000.000,18300000.000,20000000.000,24600000.000,21100000.000,26200000.000,25800000.000,25900000.000,29600000.000,29700000.000,30800000.000,35100000.000,38100000.000,42900000.000,54300000.000,54200000.000,54700000.000,59500000.000,58100000.000,68000000.000,59300000.000,62600000.000,63200000.000,62100000.000,64300000.000,65100000.000
AllocatedShareBasedCompensationExpense,,,,,,1100000.000,1200000.000,,1200000.000,1500000.000,2000000.000,2500000.000,,,,,,,,,,,,,,
AmortizationOfAcquiredIntangibleAssets,,,,,,3100000.000,300000.000,,,,,,,,,,,,,,,,,,,
AntidilutiveSecuritiesExcludedFromComputationOfEarningsPerShareAmount,,,,,,,,,,,,,,,,,,,,,,,,,,1700000.000
BenefitsLossesAndExpenses,423900000.000,480200000.000,491800000.000,531000000.000,514300000.000,558800000.000,574100000.000,627800000.000,631800000.000,682100000.000,750300000.000,840900000.000,868700000.000,1072200000.000,1199100000.000,1219100000.000,1200400000.000,,,,,,,,,
BrokerageCommissionsRevenue,189000000.000,214700000.000,225100000.000,241400000.000,215600000.000,242200000.000,248200000.000,265700000.000,239700000.000,268900000.000,270000000.000,280900000.000,257200000.000,317400000.000,337700000.000,346000000.000,323200000.000,367300000.000,360700000.000,381100000.000,338200000.000,374600000.000,375000000.000,405000000.000,370500000.000,410900000.000
BusinessAcquisitionEquityInterestsIssuedOrIssuableNumberOfSharesIssued,,,,,1666000.000,,,,,,,,515000.000,,,,1093000.000,,,,494000.000,,,,166000.000,
BusinessAcquisitionProFormaEarningsPerShareBasic,,0.360,0.420,,0.240,0.590,0.500,0.330,0.320,0.730,0.570,0.550,0.370,0.710,0.590,0.270,0.130,0.810,0.760,0.400,0.260,0.840,0.690,0.570,0.310,0.960
BusinessAcquisitionProFormaEarningsPerShareDiluted,,0.360,0.420,,0.240,0.590,0.490,0.320,0.320,0.730,0.570,0.520,0.360,0.700,0.580,0.290,0.130,0.800,0.760,0.400,0.260,0.840,0.690,0.560,0.310,0.950
BusinessAcquisitionsProFormaIncomeLossFromContinuingOperationsBeforeChangesInAccountingAndExtraordinaryItemsNetOfTax,,,,,28600000.000,71400000.000,62000000.000,43200000.000,40500000.000,93500000.000,75200000.000,77100000.000,49500000.000,112200000.000,94200000.000,60200000.000,22200000.000,,,,,,,,,
BusinessAcquisitionsProFormaNetIncomeLoss,,4400000.000,6600000.000,,-100000.000,7400000.000,1300000.000,-2700000.000,1500000.000,5400000.000,3300000.000,0.000,1800000.000,3600000.000,600000.000,-3000000.000,6400000.000,1300000.000,6000000.000,10700000.000,300000.000,-9200000.000,200000.000,-6500000.000,-6700000.000,100000.000
BusinessAcquisitionsProFormaRevenue,,40500000.000,47300000.000,,550100000.000,654300000.000,653600000.000,792100000.000,674600000.000,779800000.000,850900000.000,1155900000.000,916800000.000,1251100000.000,1293000000.000,1523300000.000,1234200000.000,1379300000.000,1461700000.000,1435500000.000,1304700000.000,1429900000.000,1482600000.000,1446500000.000,1414400000.000,1566700000.000
BusinessCombinationConsiderationTransferredEquityInterestsIssuedAndIssuable,,,,,,,,,,,,,,,,,48200000.000,,,,17400000.000,,,,8400000.000,
BusinessCombinationSeparatelyRecognizedTransactionsAdditionalDisclosuresAcquisitionCostExpensed,,1900000.000,2300000.000,,2400000.000,2200000.000,2400000.000,2300000.000,2900000.000,2900000.000,2900000.000,3200000.000,3300000.000,3400000.000,3900000.000,3900000.000,4200000.000,4300000.000,3700000.000,4000000.000,4200000.000,4000000.000,4300000.000,4400000.000,5100000.000,5200000.000
CashAndCashEquivalentsPeriodIncreaseDecrease,83400000.000,,,,10600000.000,,,,-78100000.000,,,,441100000.000,,,,-37600000.000,,,,-55000000.000,,,,18500000.000,
CommonStockDividendsPerShareDeclared,0.330,0.330,0.330,0.330,0.340,0.340,0.340,0.340,0.350,0.350,0.350,0.350,0.360,0.360,0.360,0.360,0.370,0.370,0.370,0.370,0.380,0.380,0.380,0.380,0.390,0.390
ComprehensiveIncomeNetOfTax,19500000.000,38900000.000,30900000.000,5400000.000,39300000.000,59600000.000,84000000.000,26500000.000,18300000.000,75900000.000,105400000.000,99200000.000,58800000.000,156300000.000,-44300000.000,-125400000.000,-97700000.000,205000000.000,-38300000.000,0.000,30800000.000,79500000.000,106800000.000,-48300000.000,120200000.000,209100000.000
ComprehensiveIncomeNetOfTaxAttributableToNoncontrollingInterest,,,,,,,,,,,,,,,,,-4000000.000,-1400000.000,21600000.000,9700000.000,14200000.000,8100000.000,6600000.000,6200000.000,13700000.000,8900000.000
ComprehensiveIncomeNetOfTaxIncludingPortionAttributableToNoncontrollingInterest,,,,,,,,,,,,,,,,,-101700000.000,203600000.000,-16700000.000,9700000.000,45000000.000,87600000.000,113400000.000,-42100000.000,133900000.000,218000000.000
CostOfCoalProductsAndServices,,,,,,,,,,,,,,,,,,306800000.000,418900000.000,,304400000.000,325000000.000,449700000.000,329500000.000,366900000.000,397100000.000
CostOfRevenue,,11700000.000,700000.000,,17700000.000,29000000.000,27700000.000,37200000.000,58100000.000,76600000.000,146900000.000,155700000.000,171000000.000,270500000.000,326200000.000,291200000.000,309300000.000,,,,,,,,,
CostsAndExpenses,,,,,,,,,,,,,,,,,,1242900000.000,1349100000.000,,1244700000.000,1289600000.000,1387400000.000,1316200000.000,1360400000.000,1416400000.000
DefinedBenefitPlanActuarialGainLoss,,,,,,-1700000.000,-1800000.000,,,,,,,,,,,,,,,,,,,
DefinedBenefitPlanActuarialNetGainsLosses,,400000.000,400000.000,,1900000.000,,,,,,,,,,,,,,,,,,,,,
DefinedBenefitPlanAmortizationOfGainsLosses,,,,,,,,,-2000000.000,-1900000.000,-2000000.000,-2000000.000,-600000.000,-600000.000,-600000.000,-500000.000,-1600000.000,-1600000.000,-1500000.000,-1500000.000,-1500000.000,-1300000.000,-1300000.000,-1200000.000,,
DefinedBenefitPlanExpectedReturnOnPlanAssets,,3800000.000,3800000.000,,3800000.000,3800000.000,3800000.000,3800000.000,4300000.000,4300000.000,4200000.000,4200000.000,4700000.000,4700000.000,4700000.000,4600000.000,3900000.000,3800000.000,3800000.000,3800000.000,3700000.000,3700000.000,3600000.000,3600000.000,,
DefinedBenefitPlanInterestCost,,3000000.000,3000000.000,,3000000.000,3000000.000,3000000.000,-20800000.000,2900000.000,3000000.000,2900000.000,2900000.000,3200000.000,3200000.000,3200000.000,3100000.000,2600000.000,2800000.000,2700000.000,2700000.000,2700000.000,2700000.000,2700000.000,2700000.000,,
DefinedBenefitPlanNetPeriodicBenefitCost,,-300000.000,-300000.000,,1200000.000,1000000.000,1100000.000,-7500000.000,700000.000,700000.000,900000.000,900000.000,-800000.000,-800000.000,-800000.000,11400000.000,400000.000,1000000.000,700000.000,700000.000,800000.000,600000.000,800000.000,800000.000,,
DefinedBenefitPlanServiceCost,,100000.000,100000.000,,100000.000,100000.000,100000.000,-700000.000,100000.000,100000.000,200000.000,200000.000,100000.000,100000.000,100000.000,400000.000,100000.000,400000.000,300000.000,300000.000,300000.000,300000.000,400000.000,500000.000,,
Depreciation,8100000.000,9100000.000,9400000.000,9300000.000,9700000.000,10200000.000,10700000.000,10800000.000,10800000.000,13100000.000,14300000.000,15200000.000,14800000.000,16600000.000,18600000.000,19400000.000,21500000.000,22800000.000,23800000.000,25800000.000,24700000.000,26000000.000,25700000.000,27200000.000,29500000.000,30200000.000
DepreciationAmortizationAndAccretionNet,24500000.000,,,,30800000.000,,,,40400000.000,,,,52900000.000,,,,76200000.000,,,,84000000.000,,,,93800000.000,
DerivativeInstrumentsGainLossReclassifiedFromAccumulatedOCIIntoIncomeEffectivePortionNet,,,,,,,,,,,,,,,,,,,,,,,,,-2400000.000,
DerivativeInstrumentsGainLossRecognizedInOtherComprehensiveIncomeEffectivePortionNet,,,,,,,,,,,,,,,,,,,,,,,,,6200000.000,
DerivativeNetHedgeIneffectivenessGainLoss,,,,,,,,,,,,,,,,,,,,,,,,,200000.000,
DividendsCommonStockCash,36700000.000,,,,40500000.000,,,,44500000.000,,,,48800000.000,,,,61900000.000,,,,67600000.000,,,,70300000.000,
EarningsPerShareBasic,0.140,0.380,0.410,0.360,0.240,0.600,0.500,0.270,0.320,0.730,0.570,0.460,0.370,0.710,0.580,0.320,0.130,0.820,0.760,0.360,0.260,0.850,0.690,0.530,0.310,0.960
EarningsPerShareDiluted,0.140,0.370,0.410,0.360,0.240,0.590,0.500,0.260,0.320,0.730,0.570,0.440,0.360,0.700,0.580,0.330,0.130,0.810,0.750,0.370,0.260,0.840,0.690,0.530,0.310,0.950
EffectOfExchangeRateOnCashAndCashEquivalents,,,,,,,,,-4300000.000,,,,,,,,-6200000.000,,,,-1900000.000,,,,7000000.000,
EmployeeStockOwnershipPlanESOPCompensationExpense,,300000.000,400000.000,,300000.000,300000.000,300000.000,300000.000,300000.000,300000.000,,,,,,,,,,,,,,,,
FiniteLivedIntangibleAssetsFutureAmortizationExpense,,,,,379900000.000,,,,,,,,,,,,,,,,,,,,,
ForeignCurrencyTransactionGainBeforeTax,,,,,,,,,,,,,,,,,67900000.000,,,,7200000.000,,,,,
ForeignCurrencyTransactionGainLossBeforeTax,,,,,,,,,,,,,,,,,,,,,,,,,-29000000.000,
ForeignCurrencyTransactionGainLossUnrealized,,,,,,,,,200000.000,,,,200000.000,,,,-100000.000,,,,-100000.000,,,,-1500000.000,
FutureAmortizationExpenseRemainderOfFiscalYear,,,,,64400000.000,,,,,,,,,,,,,,,,,,,,,
FutureAmortizationExpenseYearFour,,,,,72200000.000,,,,,,,,,,,,,,,,,,,,,
FutureAmortizationExpenseYearOne,,,,,84500000.000,,,,,,,,,,,,,,,,,,,,,
FutureAmortizationExpenseYearThree,,,,,77100000.000,,,,,,,,,,,,,,,,,,,,,
FutureAmortizationExpenseYearTwo,,,,,81700000.000,,,,,,,,,,,,,,,,,,,,,
GainLossOnInvestments,-100000.000,,,,,,,,9600000.000,,,,21000000.000,,,,-100000.000,,,,2200000.000,,,,1400000.000,
GainLossOnSaleOfEquityInvestments,3000000.000,4700000.000,3400000.000,-5600000.000,700000.000,,700000.000,,400000.000,2900000.000,,,1000000.000,700000.000,900000.000,4700000.000,900000.000,3500000.000,2600000.000,-300000.000,2200000.000,1400000.000,1100000.000,1900000.000,1400000.000,1100000.000
GainLossRelatedToLitigationSettlement,,,,,,,,,,,,,,,,,,,31000000.000,,,,,,,
GoodwillAcquiredDuringPeriod,,,,,35600000.000,,,,5500000.000,,,,20200000.000,,,,43700000.000,,,,33500000.000,,,,91900000.000,
GoodwillPurchaseAccountingAdjustments,,,,,-500000.000,,,,3600000.000,,,,-28900000.000,,,,2900000.000,,,,300000.000,,,,1600000.000,
GoodwillTranslationAndPurchaseAccountingAdjustments,,,,,5200000.000,,,,13500000.000,,,,6100000.000,,,,-78200000.000,,,,-3300000.000,,,,35600000.000,
GoodwillWrittenOffRelatedToSaleOfBusinessUnit,,,,,,,,,,,,,600000.000,,,,,,,,,,,,,
IncomeLossFromContinuingOperations,,41700000.000,46700000.000,,,,,,,,,,-49300000.000,,,,,,,,,,,,,
IncomeLossFromContinuingOperationsBeforeIncomeTaxesExtraordinaryItemsNoncontrollingInterest,,,,,,,,,,,,,,,,,,,105700000.000,,55700000.000,137500000.000,94900000.000,68800000.000,52300000.000,147000000.000
IncomeLossFromContinuingOperationsBeforeIncomeTaxesMinorityInterestAndIncomeLossFromEquityMethodInvestments,23500000.000,65900000.000,71000000.000,47400000.000,32500000.000,91100000.000,76300000.000,45400000.000,42300000.000,97400000.000,85500000.000,49300000.000,46300000.000,107100000.000,87700000.000,26300000.000,30900000.000,128500000.000,,,,,,,,
IncomeLossFromContinuingOperationsPerBasicShare,,0.380,0.410,,,,,,,,,,,,,,,,,,,,,,,
IncomeLossFromContinuingOperationsPerDilutedShare,,0.370,0.410,,,,,,,,,,,,,,,,,,,,,,,
IncomeTaxCreditsAndAdjustments,,,,,129200000.000,,,,130000000.000,,,,130000000.000,,,,117000000.000,,,,109000000.000,,,,108200000.000,
IncomeTaxExpenseBenefit,8300000.000,24200000.000,24300000.000,6900000.000,4400000.000,19400000.000,14600000.000,11900000.000,1800000.000,3900000.000,10900000.000,-10700000.000,-3000000.000,-1900000.000,-5900000.000,-25200000.000,-1500000.000,-19100000.000,-35200000.000,-39800000.000,-2200000.000,-18200000.000,-35500000.000,-32200000.000,-15500000.000,-33400000.000
IncomeTaxesPaid,7800000.000,,,,4900000.000,,,,9800000.000,,,,15200000.000,,,,12900000.000,,,,13800000.000,,,,12200000.000,
IncreaseDecreaseInAccruedIncomeTaxesPayable,-4200000.000,,,,-1700000.000,,,,-2000000.000,,,,-5600000.000,,,,-18200000.000,,,,-3400000.000,,,,-5900000.000,
IncreaseDecreaseInDeferredIncomeTaxes,-3100000.000,,,,-2600000.000,,,,7400000.000,,,,16100000.000,,,,2100000.000,,,,16700000.000,,,,17200000.000,
IncreaseDecreaseInOtherOperatingAssets,-13600000.000,,,,-27100000.000,,,,51400000.000,,,,20600000.000,,,,-84400000.000,,,,-85900000.000,,,,-56200000.000,
IncreaseDecreaseInOtherOperatingCapitalNet,11400000.000,,,,29000000.000,,,,21000000.000,,,,49800000.000,,,,21600000.000,,,,17300000.000,,,,28000000.000,
IncreaseDecreaseInPremiumsReceivable,-45100000.000,,,,42400000.000,,,,-22600000.000,,,,-47800000.000,,,,79300000.000,,,,60800000.000,,,,206300000.000,
IncreaseDecreaseInReinsurancePayables,-53400000.000,,,,11300000.000,,,,-35600000.000,,,,-195100000.000,,,,-81400000.000,,,,-114200000.000,,,,-30100000.000,
IncreaseDecreaseInRestrictedCash,-20900000.000,,,,-16900000.000,,,,-33200000.000,,,,-117800000.000,,,,-162500000.000,,,,-92800000.000,,,,-154200000.000,
IncrementalCommonSharesAttributableToShareBasedPaymentArrangements,,800000.000,500000.000,,1400000.000,1500000.000,1400000.000,-2800000.000,1400000.000,1600000.000,1500000.000,-2900000.000,1600000.000,1400000.000,1300000.000,-2900000.000,1200000.000,1100000.000,800000.000,-2100000.000,600000.000,900000.000,900000.000,-1600000.000,1700000.000,1700000.000
InterestExpense,9500000.000,10600000.000,10300000.000,10400000.000,10600000.000,10800000.000,10700000.000,10900000.000,11200000.000,11900000.000,13100000.000,13900000.000,16200000.000,21200000.000,25900000.000,25700000.000,25600000.000,26000000.000,25600000.000,25800000.000,25800000.000,27200000.000,28500000.000,28300000.000,29900000.000,31600000.000
InterestPaid,13200000.000,,,,16400000.000,,,,17600000.000,,,,19500000.000,,,,28800000.000,,,,29000000.000,,,,30100000.000,
InvestmentIncomeNet,,,,,2200000.000,3100000.000,2700000.000,2400000.000,1300000.000,1600000.000,2600000.000,2600000.000,1300000.000,3400000.000,18400000.000,18200000.000,13100000.000,12300000.000,13100000.000,15700000.000,10300000.000,12500000.000,13600000.000,16900000.000,10800000.000,13600000.000
LaborAndRelatedExpense,295100000.000,324800000.000,341800000.000,364400000.000,344400000.000,364100000.000,373900000.000,411000000.000,383900000.000,415500000.000,412500000.000,473100000.000,466300000.000,530000000.000,564600000.000,606700000.000,575200000.000,615100000.000,604900000.000,633700000.000,622100000.000,631000000.000,626600000.000,659200000.000,657600000.000,675700000.000
MinorityInterestDecreaseFromDistributionsToNoncontrollingInterestHolders,,,,,,,,,,,,,,,,,,,,,8900000.000,,,,8100000.000,
NetCashProvidedByUsedInFinancingActivities,118000000.000,,,,69700000.000,,,,-92200000.000,,,,409500000.000,,,,-104400000.000,,,,-34100000.000,,,,19900000.000,
NetCashProvidedByUsedInFinancingActivitiesContinuingOperations,118000000.000,,,,69700000.000,,,,-92200000.000,,,,409500000.000,,,,-104400000.000,,,,-34100000.000,,,,19900000.000,
NetCashProvidedByUsedInInvestingActivities,-27300000.000,,,,-11500000.000,,,,-32800000.000,,,,-44500000.000,,,,-40300000.000,,,,-128400000.000,,,,-178100000.000,
NetCashProvidedByUsedInInvestingActivitiesContinuingOperations,-27300000.000,,,,-11500000.000,,,,-32800000.000,,,,-44500000.000,,,,-40300000.000,,,,-128400000.000,,,,-178100000.000,
NetCashProvidedByUsedInOperatingActivities,-7300000.000,,,,-47600000.000,,,,51200000.000,,,,76100000.000,,,,113300000.000,,,,109400000.000,,,,169700000.000,
NetCashProvidedByUsedInOperatingActivitiesContinuingOperations,-7300000.000,,,,-47600000.000,,,,51200000.000,,,,76100000.000,,,,113300000.000,,,,109400000.000,,,,169700000.000,
NetIncomeLoss,15200000.000,41700000.000,46700000.000,40500000.000,28100000.000,71700000.000,61700000.000,33500000.000,40500000.000,93500000.000,74600000.000,60000000.000,49300000.000,109000000.000,93600000.000,51500000.000,21900000.000,139300000.000,133300000.000,62300000.000,46500000.000,150000000.000,122800000.000,95100000.000,55700000.000,171900000.000
NetIncomeLossAttributableToNoncontrollingInterest,,,,,,,,,,,,,,,,,10500000.000,8300000.000,7600000.000,5900000.000,11400000.000,5700000.000,7600000.000,5900000.000,12100000.000,8500000.000
NumberOfBusinessesAcquired,,,8.000,,,,,,,,,,,,,,,,,,,,,,,
OperatingExpenses,94000000.000,108200000.000,113900000.000,102900000.000,108300000.000,123700000.000,121600000.000,129600000.000,133800000.000,137800000.000,133100000.000,147700000.000,157200000.000,184000000.000,205000000.000,221000000.000,203500000.000,207100000.000,208100000.000,222000000.000,204500000.000,204600000.000,189600000.000,199000000.000,200400000.000,211600000.000
OtherComprehensiveIncomeForeignCurrencyTransactionAndTranslationGainLossArisingDuringPeriodNetOfTax,4000000.000,-3000000.000,-16000000.000,-1100000.000,10400000.000,-12600000.000,19600000.000,-1300000.000,-23100000.000,-15900000.000,29100000.000,11500000.000,8800000.000,45700000.000,-136500000.000,-156400000.000,-134800000.000,49600000.000,-152700000.000,-23200000.000,-12700000.000,-59100000.000,-19600000.000,-140400000.000,58400000.000,33900000.000
OtherComprehensiveIncomeForeignCurrencyTranslationAdjustmentTax,1700000.000,,,,,,,,,,,,,,,,,,,,,,,,,
OtherComprehensiveIncomeLossForeignCurrencyTransactionAndTranslationAdjustmentNetOfTax,,,,,,,,,,,,,,,,,,,,,-9900000.000,,,,58400000.000,
OtherComprehensiveIncomeLossForeignCurrencyTransactionAndTranslationReclassificationAdjustmentFromAOCIRealizedUponSaleOrLiquidationBeforeTax,,,,,,,,,,,,,0.000,,,,0.000,,,,0.000,,,,0.000,
OtherComprehensiveIncomeLossForeignCurrencyTransactionAndTranslationReclassificationAdjustmentRealizedUponSaleOrLiquidationBeforeTax,,,,,,,,,0.000,,,,,,,,,,,,,,,,,
OtherComprehensiveIncomeLossPensionAndOtherPostretirementBenefitPlansAdjustmentNetOfTax,,,,,,2200000.000,1000000.000,,-1100000.000,900000.000,-200000.000,-26400000.000,-200000.000,-700000.000,-500000.000,20000000.000,-700000.000,,-600000.000,,-800000.000,-2800000.000,-800000.000,8800000.000,-1200000.000,-1400000.000
OtherComprehensiveIncomeLossPensionAndOtherPostretirementBenefitPlansTax,,,,,,,,,-700000.000,,,,100000.000,,,,500000.000,,,,500000.000,,,,800000.000,
OtherComprehensiveIncomeLossReclassificationAdjustmentFromAOCIOnDerivativesBeforeTax,,,,,,,,,,,,,200000.000,,,,100000.000,,,,0.000,,,,-2400000.000,
OtherComprehensiveIncomeLossReclassificationAdjustmentFromAOCIPensionAndOtherPostretirementBenefitPlansForNetGainLossNetOfTax,,,,,,,,,,,,,600000.000,,,,1600000.000,,,,1500000.000,,,,1400000.000,
OtherComprehensiveIncomeLossReclassificationAdjustmentOnDerivativesIncludedInNetIncomeBeforeTax,,,,,,,,,0.000,,,,,,,,,,,,,,,,,
OtherComprehensiveIncomeMinimumPensionLiabilityNetAdjustmentNetOfTax,-300000.000,-200000.000,-200000.000,31300000.000,1200000.000,,,,,,,,,,,,,,,,,,,,,
OtherComprehensiveIncomeMinimumPensionLiabilityNetAdjustmentTax,200000.000,,,,-800000.000,,,,,,,,,,,,,,,,,,,,,
OtherComprehensiveIncomeReclassificationOfDefinedBenefitPlansNetGainLossRecognizedInNetPeriodicBenefitCostBeforeTax,,,,,,,,,1800000.000,,,,,,,,,,,,,,,,,
OtherComprehensiveIncomeUnrealizedGainLossOnDerivativesArisingDuringPeriodNetOfTax,,,,,2000000.000,-1700000.000,1700000.000,-300000.000,-200000.000,-800000.000,1500000.000,1300000.000,500000.000,900000.000,-1900000.000,-500000.000,,6400000.000,-5500000.000,,-1000000.000,-11800000.000,1800000.000,6100000.000,6500000.000,2300000.000
OtherComprehensiveIncomeUnrealizedGainLossOnDerivativesArisingDuringPeriodTax,,,,,1300000.000,,,,-100000.000,,,,300000.000,,,,,,,,-600000.000,,,,2100000.000,
OtherSalesRevenueNet,500000.000,-400000.000,,,100000.000,1200000.000,100000.000,0.000,9100000.000,200000.000,4900000.000,-2400000.000,20000000.000,5800000.000,-2500000.000,-4900000.000,-900000.000,-600000.000,32000000.000,0.000,800000.000,-400000.000,-1300000.000,-400000.000,-200000.000,200000.000
PaymentsForPreviousAcquisition,,,,,,,,,,,,,,,,,,,,,,,,,9100000.000,
PaymentsForProceedsFromInvestments,,,,,,,,,,,,,3100000.000,,,,1300000.000,,,,6500000.000,,,,5200000.000,
PaymentsForRepurchaseOfCommonStock,300000.000,,,,,,,,,,,,,,,,,,,,30400000.000,,,,,
PaymentsOfDividendsCommonStock,34700000.000,,,,38800000.000,,,,44200000.000,,,,49300000.000,,,,62700000.000,,,,68900000.000,,,,71400000.000,
PaymentsToAcquireBusinessesGross,,,,,,,,,,,,,13500000.000,,,,24800000.000,,,,41700000.000,,,,143300000.000,
PaymentsToAcquireBusinessesNetOfCashAcquired,19100000.000,,,,16000000.000,,,,18600000.000,,,,23600000.000,,,,22000000.000,,,,61700000.000,,,,145000000.000,
PaymentsToAcquirePropertyPlantAndEquipment,8300000.000,,,,13400000.000,,,,9300000.000,,,,19800000.000,,,,17800000.000,,,,61900000.000,,,,29300000.000,
PaymentsToMinorityShareholders,,,,,,,,,,,,,,,,,10600000.000,,,,8900000.000,,,,7600000.000,
ProceedsFromIssuanceOfCommonStock,26300000.000,,,,26700000.000,,,,27000000.000,,,,18100000.000,,,,18100000.000,,,,6800000.000,,,,20300000.000,
ProceedsFromIssuanceOfDebt,,,,,,,,,,,,,,,,,-28300000.000,,,,,,,,,
ProceedsFromIssuanceOfLongTermDebt,125000000.000,,,,,,,,,,,,600000000.000,,,,,,,,,,,,,
ProceedsFromLinesOfCredit,,,,,157000000.000,,,,18000000.000,,,,367400000.000,,,,17000000.000,,,,332000000.000,,,,955000000.000,
ProceedsFromRepaymentsOfDebt,,,,,,,,,,,,,,,,,,,,,-44300000.000,,,,-27800000.000,
ProfitLoss,,,,,,,,,,,,,,,,,32400000.000,147600000.000,140900000.000,68200000.000,57900000.000,155700000.000,130400000.000,101000000.000,67800000.000,180400000.000
RepaymentsOfLinesOfCredit,,,,,75000000.000,,,,97000000.000,,,,530500000.000,,,,42000000.000,,,,221000000.000,,,,838000000.000,
RevenueFromRelatedParties,,,,,,,,,,,,,500000.000,,,,,,,,,,,,,
Revenues,447400000.000,546100000.000,562800000.000,578400000.000,546800000.000,649900000.000,650400000.000,673200000.000,674100000.000,779500000.000,835800000.000,890200000.000,915000000.000,1179300000.000,1286800000.000,1245400000.000,1231300000.000,1371400000.000,1454800000.000,1334900000.000,1300400000.000,1427100000.000,1482300000.000,1385000000.000,1412700000.000,1563400000.000
SalesRevenueNet,447400000.000,546100000.000,562800000.000,578400000.000,546800000.000,649900000.000,650400000.000,673200000.000,674100000.000,779500000.000,835800000.000,890200000.000,915000000.000,1179300000.000,1286800000.000,1245400000.000,1231300000.000,1371400000.000,1454800000.000,1334900000.000,1300400000.000,1427100000.000,1482300000.000,1385000000.000,1412700000.000,1563400000.000
ShareBasedCompensation,800000.000,,,,1000000.000,,,,900000.000,,,,2400000.000,,,,2200000.000,,,,3300000.000,,,,4100000.000,
ShareBasedCompensationArrangementByShareBasedPaymentAwardCompensationCost,,900000.000,800000.000,,900000.000,,,,,,,,,,,,,,,,,,,,,
ShareBasedCompensationArrangementByShareBasedPaymentAwardEquityInstrumentsOtherThanOptionsGrantsInPeriod,,,,,1200000.000,,,,,,,,,,,,362600.000,,,,,,,,,
ShareBasedCompensationArrangementByShareBasedPaymentAwardFairValueAssumptionsExpectedDividendRate,,,,,0.040,,,,0.035,,,,0.030,,,,0.030,,,,0.030,,,,0.028,
ShareBasedCompensationArrangementByShareBasedPaymentAwardFairValueAssumptionsExpectedVolatilityRate,,,,,0.267,,,,0.296,,,,0.289,,,,0.282,,,,0.277,,,,0.272,
ShareBasedCompensationArrangementByShareBasedPaymentAwardFairValueAssumptionsRiskFreeInterestRate,,,,,0.012,,,,0.012,,,,0.018,,,,0.018,,,,0.016,,,,0.023,
ShareBasedCompensationArrangementByShareBasedPaymentAwardMaximumNumberOfSharesPerEmployee,,,,,200000.000,,,,200000.000,,,,200000.000,,,,200000.000,,,,200000.000,,,,,
ShareBasedCompensationArrangementByShareBasedPaymentAwardOptionsExercisesInPeriodTotalIntrinsicValue,,,,,22500000.000,,,,24400000.000,,,,,,,,,,,,,,,,,
ShareBasedCompensationArrangementByShareBasedPaymentAwardOptionsForfeituresInPeriod,,,,,,,,,,,,,,,,,0.000,,,,0.000,,,,0.000,
ShareBasedCompensationArrangementByShareBasedPaymentAwardOptionsGrantsInPeriod,,,,,1300000.000,,,,1700000.000,,,,1900000.000,,,,1900000.000,,,,2600000.000,,,,,
ShareBasedCompensationArrangementByShareBasedPaymentAwardOptionsGrantsInPeriodGross,,,,,,,,,,,,,,,,,,,,,,,,,1600000.000,
ShareBasedCompensationArrangementsByShareBasedPaymentAwardOptionsExercisesInPeriodWeightedAverageExercisePrice,,,,,,,,,26.870,,,,29.290,,,,27.440,,,,28.750,,,,30.980,
ShareBasedCompensationArrangementsByShareBasedPaymentAwardOptionsForfeituresInPeriodWeightedAverageExercisePrice,,,,,,,,,,,,,,,,,0.000,,,,0.000,,,,0.000,
ShareBasedCompensationArrangementsByShareBasedPaymentAwardOptionsGrantsInPeriodWeightedAverageExercisePrice,,,,,,,,,39.170,,,,46.870,,,,46.170,,,,43.710,,,,56.860,
ShareBasedCompensationSharesAuthorizedUnderStockOptionPlansExercisePriceRangeLowerRangeLimit,,,,,,,,,,,,,,,,,21.280,,,,23.760,,,,23.760,
ShareBasedCompensationSharesAuthorizedUnderStockOptionPlansExercisePriceRangeUpperRangeLimit,,,,,,,,,,,,,,,,,46.870,,,,47.920,,,,56.860,
StockGrantedDuringPeriodValueSharebasedCompensation,800000.000,2200000.000,2000000.000,2100000.000,1000000.000,2000000.000,2200000.000,2000000.000,900000.000,2300000.000,2200000.000,2300000.000,1300000.000,2700000.000,2700000.000,2800000.000,2200000.000,2900000.000,3100000.000,3000000.000,3300000.000,3800000.000,3800000.000,3800000.000,4100000.000,4400000.000
StockIssuedDuringPeriodSharesNewIssues,,,,,,,,,,,,,,21850000.000,,,,,,,,,,,,
StockIssuedDuringPeriodSharesShareBasedCompensation,,64000.000,65000.000,,,,,,,,,,,,,,,,,,,,,,,
StockIssuedDuringPeriodSharesStockOptionsExercised,,,,,1000000.000,,,,1000000.000,,,,500000.000,,,,600000.000,,,,200000.000,,,,700000.000,
StockIssuedDuringPeriodValueAcquisitions,27500000.000,,,,86600000.000,,,,,,,,33900000.000,,,,60300000.000,,,,20700000.000,,,,13900000.000,
StockIssuedDuringPeriodValueEmployeeStockPurchasePlan,1400000.000,,,,1500000.000,,,,1800000.000,,,,2100000.000,,,,2300000.000,,,,2600000.000,,,,3200000.000,
StockIssuedDuringPeriodValueStockOptionsExercised,24900000.000,,,,25200000.000,,,,25200000.000,,,,16000000.000,,,,15800000.000,,,,4200000.000,,,,17100000.000,
StockRepurchasedAndRetiredDuringPeriodShares,,,,,,,,,,1200000.000,,,,,,,,,,,,,,,,
StockRepurchasedAndRetiredDuringPeriodValue,,,,,,,,,,52400000.000,,,,,,,,,,,,,,,,
StockRepurchasedDuringPeriodValue,300000.000,,,,,,,,,,,,,,,,,,,,30400000.000,,,,,
WeightedAverageNumberOfSharesOutstandingBasic,,111000000.000,112600000.000,,116400000.000,119700000.000,123100000.000,-238200000.000,126100000.000,127300000.000,129800000.000,-254300000.000,134200000.000,154300000.000,160200000.000,-295800000.000,165600000.000,170600000.000,176000000.000,-340000000.000,177000000.000,177400000.000,177600000.000,-354400000.000,178900000.000,179900000.000
