,2011-06-30,2011-09-30,2012-03-31,2012-06-30,2012-09-30,2012-12-31,2013-03-31,2013-06-30,2013-09-30,2013-12-31,2014-03-31,2014-06-30,2014-09-30,2014-12-31,2015-03-31,2016-03-31
AccretionAmortizationOfDiscountsAndPremiumsInvestments,,,2833000.000,2726000.000,425000.000,2349000.000,716000.000,761000.000,806000.000,1838000.000,1205000.000,386000.000,,,0.000,
AccretionOfDiscount,,,,,,,,,,,5865000.000,,,,0.000,
AdjustmentsToAdditionalPaidInCapitalShareBasedCompensationRestrictedStockUnitsRequisiteServicePeriodRecognition,,,,,,,,,,,414000.000,,,,414000.000,
AllowanceForLoanAndLeaseLossRecoveryOfBadDebts,,,,,,,,,,,351000.000,,,,,
AllowanceForLoanAndLeaseLossesRecoveriesOfBadDebts,,,-127000.000,,,,84000.000,,,,,,,,,
AllowanceForLoanAndLeaseLossesWriteOffs,,,,,,,,,,,190000.000,,,,,
AmortizationOfIntangibleAssets,,,1178000.000,,,,2054000.000,,,,3120000.000,,,,,
AssetImpairmentCharges,,,,,698000.000,,,154000.000,,,,,,,,
BusinessAcquisitionProFormaEarningsPerShareBasic,,,,,,,0.340,0.170,0.250,-0.040,-0.060,0.170,,,,
BusinessAcquisitionProFormaEarningsPerShareDiluted,,,,,,,0.340,0.170,0.250,-0.040,-0.060,0.170,,,,
BusinessAcquisitionsProFormaIncomeLossFromContinuingOperationsBeforeChangesInAccountingAndExtraordinaryItemsNetOfTax,,,,,,,,,,,,-1058000.000,,,,
BusinessAcquisitionsProFormaNetIncomeLoss,,,,,,,13987000.000,8374000.000,11128000.000,-9070000.000,641000.000,8957000.000,,,,
BusinessAcquisitionsProFormaRevenue,,,,,,,21430000.000,19230000.000,18842000.000,41963000.000,26389000.000,25654000.000,,,,
CapitalExpendituresIncurredButNotYetPaid,,,1583000.000,,,,4117000.000,,,,2403000.000,,,,,
CashAndCashEquivalentsPeriodIncreaseDecrease,,,38574000.000,,,,33766000.000,,,,-10000000.000,,,,,
CommonStockDividendsPerShareCashPaid,,,,,,,,,,,0.163,0.163,,,0.163,
CommonStockDividendsPerShareDeclared,,,0.163,,,,0.163,0.163,0.163,0.161,0.163,,,,,
ComprehensiveIncomeNetOfTax,,,,,,,13745000.000,8505000.000,11578000.000,-5124000.000,496000.000,8469000.000,,,496000.000,
ComprehensiveIncomeNetOfTaxAttributableToNoncontrollingInterest,,,,,,,-795000.000,-629000.000,-995000.000,-1871000.000,-1443000.000,-1980000.000,,,-1443000.000,
ComprehensiveIncomeNetOfTaxIncludingPortionAttributableToNoncontrollingInterest,4057000.000,10164000.000,7320000.000,2860000.000,16031000.000,-1785000.000,12950000.000,7876000.000,10583000.000,-6995000.000,-947000.000,6489000.000,,,-947000.000,
CostOfRealEstateRevenue,3987000.000,3536000.000,4552000.000,3779000.000,3624000.000,3711000.000,4930000.000,4892000.000,,,,,,,,
CostsAndExpenses,15155000.000,17279000.000,16351000.000,16194000.000,17357000.000,21584000.000,20218000.000,21769000.000,20948000.000,23835000.000,36199000.000,27007000.000,,,36029000.000,
CostsOfRealEstateServicesAndLandSales,,,,,30000.000,,6000.000,46000.000,106000.000,1727000.000,250000.000,319000.000,,,250000.000,
DebtInstrumentRedemptionPricePercentage,,,,,,,,,,,1.000,,,,1.000,
DepreciationAndAmortization,3312000.000,3185000.000,3719000.000,4479000.000,4842000.000,4626000.000,5174000.000,4950000.000,4923000.000,5396000.000,7399000.000,6652000.000,,,7229000.000,
DepreciationAndAmortizationDiscontinuedOperations,,,,,232000.000,,66000.000,157000.000,21000.000,1219000.000,525000.000,237000.000,,,,
DirectCostsOfLeasedAndRentedPropertyOrEquipment,,,,,,,,,5272000.000,,7434000.000,7150000.000,,,7433000.000,
DiscontinuedOperationIncomeLossFromDiscontinuedOperationBeforeIncomeTax,,,,,-188000.000,,2913000.000,6568000.000,-1434000.000,-380000.000,4105000.000,6772000.000,,,,
DisposalGroupIncludingDiscontinuedOperationInterestExpense,,,,,,,,,,,446000.000,0.000,,,,
DisposalGroupIncludingDiscontinuedOperationOperatingExpense,,,,,276000.000,,71000.000,341000.000,94000.000,2149000.000,1330000.000,250000.000,,,,
DisposalGroupIncludingDiscontinuedOperationRevenue,,,,,152000.000,,275000.000,468000.000,10000.000,3799000.000,1981000.000,777000.000,,,,
DividendsCommonStock,,,5371000.000,,,,5367000.000,,,,5820000.000,,,,5820000.000,
DividendsCommonStockCash,,,,,,,,,,,,,0.000,,,
DividendsPreferredStock,,,925000.000,,,,,,,,,,,,2787000.000,
DividendsShareBasedCompensation,,,,,,,,,,,96000.000,,,,96000.000,
EarningsPerShareBasic,0.110,0.300,0.220,0.020,0.370,-0.150,0.330,0.170,0.270,-0.260,-0.060,0.170,,,-0.060,
EarningsPerShareDiluted,0.110,0.300,0.220,0.020,0.370,-0.150,0.330,0.170,0.270,-0.260,-0.060,0.170,,,-0.060,
EquityMethodInvestmentDividendsOrDistributions,,,2764000.000,,,,7822000.000,,,,3926000.000,,,,,
EquityMethodInvestmentNetSalesProceeds,,,,,,,,,,,-200000.000,,,,,
EquityMethodInvestmentRealizedGainLossOnDisposal,,207000.000,,,,,,,,,,,,,,
FairValueInputsDiscountRate,,,,,,,,,,,0.080,,,,0.080,
FairValueOfAssetsAcquired,,,,,,,62208000.000,,,,69140000.000,,,,,
GainLossOnDispositionOfAssets,,,,,945000.000,,2775000.000,6752000.000,1421000.000,,,,,,,
GainLossOnDispositionOfRealEstateDiscontinuedOperations,,,,,-698000.000,,,-154000.000,,,4425000.000,6569000.000,,,,
GainLossOnSaleOfEquityInvestments,,,,232000.000,165000.000,,,,,,69000.000,,,,,
GainLossOnSaleOfInterestInProjects,,,,,,,,,,,3000.000,,,,,
GainLossOnSaleOfSecuritiesNet,7000.000,,26000.000,15000.000,,,-102000.000,0.000,-31000.000,875000.000,2000.000,0.000,,,2000.000,
GainLossRelatedToLitigationSettlement,,,,,,,,-134000.000,-16000.000,,,0.000,,,,
GainsLossesOnExtinguishmentOfDebt,,8514000.000,,,,,,,,,,-564000.000,,,,
GeneralAndAdministrativeExpense,2758000.000,2893000.000,3031000.000,3264000.000,3098000.000,-5832000.000,847000.000,1098000.000,1113000.000,1305000.000,1642000.000,2144000.000,,,1642000.000,
ImpairmentOfRealEstate,,,,,,,,,2750000.000,,9200000.000,,,,9200000.000,
IncentiveFeeExpense,,,,,,,,,,,,,,,15930000.000,
IncomeLossAttributableToParent,,,,,,,,,,,872000.000,7250000.000,,,,
IncomeLossFromContinuingOperations,,,,,,,,,,,,,,,-6675000.000,
IncomeLossFromContinuingOperationsAttributableToNoncontrollingEntity,,,,,,,,,,,-1389000.000,-1980000.000,,,-1389000.000,
IncomeLossFromContinuingOperationsBeforeIncomeTaxesExtraordinaryItemsNoncontrollingInterest,,,,571000.000,12510000.000,,8044000.000,-1078000.000,10278000.000,-7586000.000,-6401000.000,-693000.000,,,,
IncomeLossFromContinuingOperationsIncludingPortionAttributableToNoncontrollingInterest,3967000.000,10298000.000,7355000.000,2885000.000,16235000.000,-2024000.000,10038000.000,1177000.000,12167000.000,-6561000.000,-4907000.000,210000.000,,,-5181000.000,
IncomeLossFromContinuingOperationsPerBasicShare,0.110,0.300,0.220,0.020,0.380,-0.160,0.240,-0.030,0.310,-0.240,-0.180,-0.020,,,-0.180,
IncomeLossFromContinuingOperationsPerDilutedShare,0.110,0.300,0.220,0.020,0.380,-0.160,0.240,-0.030,0.310,-0.240,-0.180,-0.020,,,-0.180,
IncomeLossFromDiscontinuedOperationsNetOfTax,90000.000,-134000.000,-3000.000,,-188000.000,,2913000.000,6568000.000,-1434000.000,-380000.000,4105000.000,6772000.000,,,4379000.000,
IncomeLossFromDiscontinuedOperationsNetOfTaxAttributableToNoncontrollingInterest,,,,,,,,,,,-54000.000,0.000,,,-54000.000,
IncomeLossFromDiscontinuedOperationsNetOfTaxPerBasicShare,,0.000,,,-0.010,,0.090,0.200,-0.040,-0.020,0.120,0.190,,,0.120,
IncomeLossFromDiscontinuedOperationsNetOfTaxPerDilutedShare,,0.000,,,-0.010,,0.090,0.200,-0.040,-0.020,0.120,0.190,,,0.120,
IncomeLossFromEquityMethodInvestments,2875000.000,2820000.000,424000.000,586000.000,12644000.000,1024000.000,7869000.000,4524000.000,13856000.000,-3608000.000,6194000.000,4178000.000,,,6194000.000,
IncomeTaxExpenseBenefit,48000.000,12000.000,6000.000,143000.000,65000.000,20000.000,17000.000,125000.000,85000.000,203000.000,12000.000,93000.000,,,,
IncomeTaxesPaid,,,161000.000,,,,68000.000,,,,11000.000,,,,,
IncreaseDecreaseInAccountsPayableAndAccruedLiabilities,,,,,,,,,,,-1250000.000,,,,,
IncreaseDecreaseInAccountsReceivable,,,452000.000,,,,903000.000,,,,,,,,,
IncreaseDecreaseInAccountsReceivableAndOtherOperatingAssets,,,,,,,,,,,-227000.000,,,,,
IncreaseDecreaseInAccruedInterestReceivableNet,,,7000.000,,,,-184000.000,,,,,,,,,
IncreaseDecreaseInOtherOperatingCapitalNet,,,348000.000,,,,4546000.000,,,,,,,,,
IncreaseDecreaseInRestrictedCash,,,4421000.000,,,,-716000.000,,,,-1040000.000,,,,,
IncreaseDecreaseInRestrictedCashForOperatingActivities,,,204000.000,,,,-1509000.000,,,,516000.000,,,,,
IncrementalCommonSharesAttributableToWrittenPutOptions,,,,,1000.000,,2000.000,,2000.000,,,0.000,,,,
InterestAndDividendIncomeOperating,5094000.000,5503000.000,5518000.000,5778000.000,3722000.000,6105000.000,5320000.000,4308000.000,3917000.000,4910000.000,5497000.000,2752000.000,,,5497000.000,
InterestAndOtherIncome,,472000.000,,,,,,,,,85000.000,122000.000,,,85000.000,
InterestExpense,3963000.000,3546000.000,3789000.000,3512000.000,4430000.000,5927000.000,6032000.000,6708000.000,5435000.000,5237000.000,5693000.000,5830000.000,,,5693000.000,
InterestPaid,,,3721000.000,,,,5897000.000,,,,6672000.000,,,,,
InterestPaidCapitalized,,,,,,,,,,,975000.000,,,,,
InterestPaidDiscontinuedOperations,,,,,-671000.000,,,,,,,,,,,
InvestmentIncomeInterest,443000.000,,102000.000,90000.000,242000.000,,70000.000,115000.000,101000.000,,,,,,,
LiabilitiesAssumed1,,,,,,,62198000.000,,,,52687000.000,,,,,
LineOfCreditFacilityCommitmentFeeAmount,,,,43000.000,44000.000,,43000.000,44000.000,44000.000,44000.000,29000.000,,,,,
LiquidationBasisOfAccountingRemeasurementGainLossOnAccruedCostsToDisposeOfAssetsAndLiabilities,,,,,,,,,,,,,,,3724000.000,
LiquidationBasisOfAccountingRemeasurementGainLossOnAsset,,,,,,,,,,,,,,,2466000.000,-3697000.000
ManagementFeeExpense,,,,,,,,,,,,,,,9335000.000,5632000.000
MinorityInterestDecreaseFromRedemptions,,,101000.000,,,,,,,,20000.000,,,,20000.000,
MinorityInterestIncreaseFromStockIssuance,,,218000.000,,,,535000.000,,,,,,,,,
NetCashProvidedByUsedInFinancingActivities,,,30626000.000,,,,-19576000.000,,,,-10940000.000,,,,,
NetCashProvidedByUsedInFinancingActivitiesContinuingOperations,,,30626000.000,,,,-19576000.000,,,,-10940000.000,,,,,
NetCashProvidedByUsedInInvestingActivities,,,5575000.000,,,,44158000.000,,,,-11726000.000,,,,,
NetCashProvidedByUsedInInvestingActivitiesContinuingOperations,,,5575000.000,,,,44158000.000,,,,-11726000.000,,,,,
NetCashProvidedByUsedInOperatingActivities,,,2373000.000,,,,9184000.000,,,,12666000.000,,,,,
NetCashProvidedByUsedInOperatingActivitiesContinuingOperations,,,2373000.000,,,,9184000.000,,,,12666000.000,,,,,
NetIncomeLoss,3728000.000,9846000.000,8253000.000,3358000.000,15108000.000,-2088000.000,13746000.000,8374000.000,11728000.000,-5070000.000,641000.000,8962000.000,,,641000.000,
NetIncomeLossAttributableToNoncontrollingInterest,329000.000,318000.000,-901000.000,-473000.000,939000.000,188000.000,-795000.000,-629000.000,-995000.000,-1871000.000,-1443000.000,-1980000.000,,,-1443000.000,
NetIncomeLossAvailableToCommonStockholdersBasic,3670000.000,9787000.000,7328000.000,571000.000,12322000.000,-4875000.000,10957000.000,5490000.000,8835000.000,-7957000.000,-2242000.000,6079000.000,,,-2242000.000,
NetRealizedOrUnrealizedGainLossOnTradingSecurities,,,,879000.000,-3483000.000,,1718000.000,-1645000.000,0.000,0.000,0.000,0.000,,,,
NoncontrollingInterestIncreaseFromBusinessCombination,,,,,,,,,,,16391000.000,,,,16391000.000,
NoncontrollingInterestIncreaseFromSubsidiaryEquityIssuance,,,,,,,,,,,149000.000,,,,149000.000,
OperatingIncomeLoss,,,,,,,,12758000.000,12671000.000,,,,,,,
OtherComprehensiveIncomeDerivativesQualifyingAsHedgesNetOfTaxPeriodIncreaseDecrease,,,-32000.000,,,,,,,,,,,,,
OtherComprehensiveIncomeLossDerivativesQualifyingAsHedgesNetOfTax,,,,-25000.000,-16000.000,,-1000.000,,,,-145000.000,,,,,
OtherComprehensiveIncomeUnrealizedGainLossOnDerivativesArisingDuringPeriodNetOfTax,,,,,,,-1000.000,131000.000,-150000.000,-54000.000,-145000.000,-493000.000,,,-145000.000,
OtherNonoperatingIncomeExpense,2794000.000,11234000.000,5648000.000,44000.000,16535000.000,1212000.000,9757000.000,3045000.000,14099000.000,-2868000.000,6288000.000,4300000.000,,,6288000.000,
PaymentsForProceedsFromBusinessesAndInterestInAffiliates,,,,,,,,,,,,,,,414000.000,
PaymentsForProceedsFromLoansReceivable,,,,,,,,,,,69606000.000,,,,15352000.000,9000.000
PaymentsOfDividendsCommonStock,,,5369000.000,,,,5366000.000,,,,5819000.000,,,,,
PaymentsOfFinancingCosts,,,9000.000,,,,228000.000,,,,,,,,,
PaymentsToAcquireAndDevelopRealEstate,,,2469000.000,,,,396000.000,,,,1814000.000,,,,,
PaymentsToAcquireEquityMethodInvestments,,,23835000.000,,,,13000.000,,,,40002000.000,,,,,
PaymentsToAcquireLoansReceivable,,,2521000.000,,,,21437000.000,,,,17492000.000,,,,,
PaymentsToAcquireProductiveAssets,,,,,1896000.000,,,,,,,,,,,
PaymentsToMinorityShareholders,,,101000.000,,,,,,,,20000.000,,,,,
PreferredStockDividendsAndOtherAdjustments,,,925000.000,2787000.000,2786000.000,2787000.000,2787000.000,2786000.000,2787000.000,2786000.000,2787000.000,2786000.000,,,,
PrepaymentFeesOnAdvancesNet,,,,,,,,,,,1787000.000,,,,,
ProceedsFromCollectionOfLoansReceivable,,,357000.000,,,,24287000.000,,,,3214000.000,,,,,
ProceedsFromEquityMethodInvestmentDividendsOrDistributionsReturnOfCapital,,,,,,,,,,,418000.000,,,,,
ProceedsFromIssuanceOfCommonStockDividendReinvestmentPlan,,,,,,,,,,,91000.000,,,,,
ProceedsFromIssuanceOfRedeemablePreferredStock,,,77772000.000,,,,,,,,,,,,,
ProceedsFromIssuanceOfSecuredDebt,,,743000.000,,,,,,,,,,,,,
ProceedsFromIssuanceOfSharesUnderIncentiveAndShareBasedCompensationPlans,,,133000.000,,,,115000.000,,,,,,,,,
ProceedsFromMinorityShareholders,,,218000.000,,,,535000.000,,,,149000.000,,,,,
ProceedsFromRepaymentsOfRestrictedCashFinancingActivities,,,-10000.000,,,,-2797000.000,,,,-2872000.000,,,,,
ProceedsFromRepurchaseOfTrustPreferredSecurities,,,,,,,83228000.000,,,,,,,,,
ProceedsFromSaleOfAvailableForSaleSecurities,,,,312000.000,0.000,,9090000.000,0.000,3255000.000,7573000.000,75000.000,0.000,,,,
ProceedsFromSaleOfEquityMethodInvestments,,,250000.000,,,,26000.000,,,,200000.000,,,,,
ProceedsFromSaleOfLoansReceivable,,,,,,,19318000.000,,,,37052000.000,,,,,
ProceedsFromSaleOfRealEstateHeldforinvestment,,,,,,,11425000.000,,,,5324000.000,,,,,
ProfitLoss,4057000.000,10164000.000,7352000.000,2885000.000,16047000.000,-1900000.000,12951000.000,7745000.000,10733000.000,-6941000.000,-802000.000,6982000.000,,,-802000.000,
ProvisionForLoanLossesExpensed,,,,0.000,0.000,,0.000,0.000,0.000,348000.000,0.000,0.000,,,,
QuantifyingMisstatementInCurrentYearFinancialStatementsAmount,,,,,,,,,224000.000,,,,,,,
RealEstateRevenueNet,11234000.000,10840000.000,12540000.000,13257000.000,13335000.000,12243000.000,15179000.000,15593000.000,15099000.000,15232000.000,19507000.000,20165000.000,,,19063000.000,
RealEstateTaxExpense,1087000.000,1107000.000,1254000.000,1017000.000,1268000.000,1226000.000,946000.000,1659000.000,1705000.000,1566000.000,2194000.000,2420000.000,,,2195000.000,
ReceivableWithImputedInterestEffectiveYieldInterestRate,,,,,,,0.118,,,,0.146,,,,0.139,0.135
RelatedPartyCosts,,,,,,,2266000.000,2291000.000,2309000.000,2423000.000,2375000.000,2399000.000,,,2375000.000,
RelatedPartyTransactionExpensesFromTransactionsWithRelatedParty,,,,2463000.000,2542000.000,,2679000.000,2738000.000,2725000.000,2770000.000,2773000.000,2847000.000,2715000.000,2477000.000,1999000.000,
RepaymentsOfLinesOfCredit,,,40000000.000,,,,,,,,,,,,,
RepaymentsOfLongTermDebt,,,,,,,10117000.000,,,,,,,,,
RepaymentsOfSecuredDebt,,,1426000.000,,,,1643000.000,,,,2450000.000,,,,,
Revenues,16328000.000,16343000.000,18058000.000,19035000.000,17057000.000,18348000.000,20499000.000,19901000.000,19016000.000,20142000.000,25004000.000,22917000.000,,,24560000.000,
SalesRevenueNet,16328000.000,16343000.000,18058000.000,19035000.000,17057000.000,18348000.000,20499000.000,19901000.000,19016000.000,20142000.000,25004000.000,22917000.000,,,24560000.000,
ShareBasedCompensation,,,,,,,43000.000,168000.000,346000.000,340000.000,414000.000,,,,,
StateAndLocalIncomeTaxExpenseBenefitContinuingOperations,,,,,,,,,,,,,,,12000.000,
StockIssuedDuringPeriodValueDividendReinvestmentPlan,,,133000.000,,,,115000.000,,,,91000.000,,,,91000.000,
StockIssuedDuringPeriodValueNewIssues,,,77772000.000,,,,,,,,,,,,,
StockIssuedDuringPeriodValueRestrictedStockAwardNetOfForfeitures,,,,,,,43000.000,,,,,,,,,
SubsidiaryOfLimitedLiabilityCompanyOrLimitedPartnershipOwnershipInterest,,,,,,,,,,,,,,,1.000,1.000
VariableInterestEntityOwnershipPercentage,,,,,,,1.000,,,,,,,,,
WeightedAverageNumberOfDilutedSharesOutstanding,32574000.000,32949000.000,33052000.000,33064000.000,33076000.000,-66130000.000,33080000.000,33037000.000,33148000.000,-65491000.000,35816.000,35824000.000,,,35816000.000,
WeightedAverageNumberOfSharesOutstandingBasic,32573000.000,32949000.000,33052000.000,33064000.000,33075000.000,-66129000.000,33027000.000,33037000.000,33076000.000,-65397000.000,35816.000,35824000.000,,,35816000.000,
