,2011-06-30,2011-09-30,2012-03-31,2012-06-30,2012-09-30,2012-12-31,2013-03-31,2013-06-30,2013-09-30,2013-12-31,2014-03-31,2014-06-30,2014-09-30,2014-12-31,2015-03-31,2015-06-30,2015-09-30,2015-12-31,2016-03-31,2016-06-30,2016-09-30,2016-12-31
AccretionExpense,,,,,,,,,,,,,,,,,,,328000.000,,,
AdjustmentToAdditionalPaidInCapitalIncomeTaxEffectFromShareBasedCompensationNet,,,,,,,,,,,,,,,,,,,-593000.000,,,
AdjustmentsToAdditionalPaidInCapitalSharebasedCompensationRequisiteServicePeriodRecognitionValue,,,993000.000,,,,1288000.000,,,,1288000.000,,,,1316000.000,,,,563000.000,,,
AllocatedShareBasedCompensationExpense,,,,1200000.000,600000.000,,1300000.000,2200000.000,900000.000,1200000.000,1000000.000,1300000.000,1000000.000,800000.000,1300000.000,1300000.000,2600000.000,533000.000,600000.000,,,
AmortizationOfIntangibleAssets,210000.000,168000.000,204000.000,205000.000,204000.000,-368000.000,55000.000,55000.000,55000.000,42000.000,6000.000,,,,41000.000,,,,205000.000,,,
CashAndCashEquivalentsPeriodIncreaseDecrease,,,-56411000.000,,,,,,,,,,,,,,,,-5937000.000,,,
CashProvidedByUsedInInvestingActivitiesDiscontinuedOperations,,,,,,,,,,,0.000,,,,,,,,,,,
CashProvidedByUsedInOperatingActivitiesDiscontinuedOperations,,,,,,,0.000,,,,0.000,,,,,,,,,,,
CommonStockDividendsPerShareCashPaid,,,,,,,,,,,0.085,,,,0.085,,,,0.085,,,
CommonStockDividendsPerShareDeclared,,,0.085,,,,,,,,,,,,,,,,0.090,0.000,0.000,0.000
ComprehensiveIncomeNetOfTax,,,8580000.000,-109691000.000,10634000.000,2713000.000,6540000.000,8723000.000,-6114000.000,25837000.000,2584000.000,6561000.000,5630000.000,-9895000.000,935000.000,-1852000.000,-171057000.000,4715000.000,-5551000.000,-4855000.000,-3120000.000,-120029000.000
CostsAndExpenses,196501000.000,192073000.000,182240000.000,351802000.000,179587000.000,144020000.000,168158000.000,173947000.000,126613000.000,48230000.000,128148000.000,129323000.000,123581000.000,131862000.000,118158000.000,114288000.000,327406000.000,123024000.000,117092000.000,104492000.000,101997000.000,136611000.000
DeferredIncomeTaxExpenseBenefit,,,3018000.000,,,,2769000.000,,,,3825000.000,,,,138000.000,,,,-675000.000,,,
DefinedBenefitPlanActuarialGainLoss,,,,-1500000.000,,,,,,,,,,,,,,,,,,
DefinedBenefitPlanAmortizationOfGainsLosses,,,,,-1500000.000,,-1672000.000,-1672000.000,-1672000.000,,-921000.000,-921000.000,-892000.000,,-1557000.000,-1557000.000,-1556000.000,,-597000.000,-596000.000,-596000.000,
DefinedBenefitPlanAmortizationOfPriorServiceCostCredit,,,,1000.000,1000.000,,0.000,0.000,0.000,,0.000,,,,,,,,,,,
DefinedBenefitPlanExpectedReturnOnPlanAssets,,,,1683000.000,1683000.000,,1846000.000,1846000.000,1846000.000,,2109000.000,2109000.000,2109000.000,,2159000.000,2159000.000,2159000.000,,2061000.000,2061000.000,2061000.000,
DefinedBenefitPlanInterestCost,,,,1960000.000,1960000.000,,1809000.000,1809000.000,1809000.000,,1939000.000,1916000.000,1916000.000,,1931000.000,1931000.000,1931000.000,,1950000.000,1951000.000,1950000.000,
DefinedBenefitPlanNetPeriodicBenefitCost,,,,1895000.000,1895000.000,,1721000.000,1721000.000,1721000.000,,851000.000,728000.000,699000.000,,1329000.000,1329000.000,1328000.000,,486000.000,486000.000,485000.000,
DefinedBenefitPlanServiceCost,,,,117000.000,117000.000,,86000.000,86000.000,86000.000,,100000.000,,,,,,0.000,,,,,
Depreciation,5153000.000,4957000.000,5336000.000,5743000.000,4740000.000,4357000.000,4882000.000,4586000.000,3894000.000,2168000.000,3832000.000,,,,3396000.000,,,,3343000.000,,,
DepreciationDepletionAndAmortization,,,,,,,,,,,3838000.000,3692000.000,3677000.000,3713000.000,3437000.000,3651000.000,3624000.000,3533000.000,3548000.000,3201000.000,3166000.000,2437000.000
DiscontinuedOperationIncomeLossFromDiscontinuedOperationDuringPhaseOutPeriodBeforeIncomeTax,,,,,,,0.000,,,,,,,,,,,,,,,
DiscontinuedOperationIncomeLossFromDiscontinuedOperationDuringPhaseOutPeriodNetOfTax,,,,,,,0.000,0.000,-12624000.000,13908000.000,,,,,,,,,,,,
DiscontinuedOperationIncomeLossFromDiscontinuedOperationNetOfTaxPerBasicShare,,,,,,,,,,,,,,,,,,,,0.040,0.020,
DiscontinuedOperationIncomeLossFromDiscontinuedOperationNetOfTaxPerDilutedShare,,,,,,,,,,,,,,,,,,,,0.040,0.020,
DisposalGroupNotDiscontinuedOperationGainLossOnDisposal,,,,,,,,,,,,,,,,-9501000.000,,,,0.000,,
DividendsCommonStockCash,,,5405000.000,,,,,,,,5377000.000,,,,5323000.000,,,,5285000.000,,,
EarningsPerShareBasic,0.150,0.190,0.110,-1.740,0.140,0.160,0.110,0.130,-0.130,0.100,0.030,0.090,0.100,0.160,0.030,-0.070,-2.770,0.040,-0.090,-0.070,-0.050,-1.920
EarningsPerShareDiluted,0.150,0.190,0.110,-1.740,0.140,0.160,0.110,0.130,-0.130,0.100,0.030,0.090,0.100,0.160,0.030,-0.070,-2.770,0.040,-0.090,-0.070,-0.050,-1.920
EffectOfExchangeRateOnCashAndCashEquivalents,,,217000.000,,,,-302000.000,,,,186000.000,,,,-1487000.000,,,,-470000.000,,,
EffectiveIncomeTaxRateContinuingOperations,,,,0.287,0.394,,0.372,0.384,0.373,-0.749,0.417,0.393,0.387,-0.837,0.426,0.058,0.171,-0.498,0.261,0.286,-0.204,-0.642
EffectiveIncomeTaxRateReconciliationAtFederalStatutoryIncomeTaxRate,,,,0.350,,,0.350,,,,0.350,,,,0.350,,0.350,,0.350,,0.350,
EmployeeServiceShareBasedCompensationTaxBenefitFromCompensationExpense,,,-804000.000,,,,-801000.000,,,,-875000.000,,,,-1168000.000,,,,,,,
ExcessTaxBenefitFromShareBasedCompensationFinancingActivities,,,42000.000,,,,5000.000,,,,425000.000,,,,,,,,,,,
ExcessTaxBenefitFromShareBasedCompensationOperatingActivities,,,42000.000,,,,5000.000,,,,425000.000,,,,,,,,,,,
GoodwillAcquiredDuringPeriod,,,,,,,,,,,,,,,,,,,3480000.000,,,
GoodwillAndIntangibleAssetImpairment,,,,165336000.000,,,,,,,,,,,,,,,,,,
GoodwillImpairmentLoss,,,,,,,,0.000,,,,,0.000,,0.000,,209938000.000,,,,0.000,
ImpairmentOfIntangibleAssetsIndefinitelivedExcludingGoodwill,,,,,,,,,2750000.000,,,,,,,,,,,,,
IncomeLossFromContinuingOperations,,,,,,,6667000.000,8309000.000,4451000.000,5014000.000,1845000.000,5637000.000,6420000.000,10089000.000,,,,,,-6912000.000,-4285000.000,
IncomeLossFromContinuingOperationsBeforeIncomeTaxesMinorityInterestAndIncomeLossFromEquityMethodInvestments,15514000.000,20418000.000,11287000.000,-153918000.000,14628000.000,31717000.000,10624000.000,13489000.000,7095000.000,8409000.000,3166000.000,9283000.000,10480000.000,14377000.000,2813000.000,-4430000.000,-206156000.000,4931000.000,-7578000.000,-9686000.000,-5386000.000,-46498000.000
IncomeLossFromContinuingOperationsPerBasicShare,,,,,,,0.110,0.130,0.070,0.080,0.030,0.090,0.100,0.160,,,,,,-0.110,-0.070,
IncomeLossFromContinuingOperationsPerDilutedShare,,,,,,,0.110,0.130,0.070,0.080,0.030,0.090,0.100,0.160,,,,,,-0.110,-0.070,
IncomeLossFromDiscontinuedOperationsNetOfTaxAttributableToReportingEntity,,,,,,,0.000,0.000,-12624000.000,1553000.000,0.000,,,,,,,,,2649000.000,1244000.000,
IncomeLossFromDiscontinuedOperationsNetOfTaxPerBasicShare,,,,,,,0.000,0.000,-0.200,0.020,0.000,0.000,0.000,0.000,,,,,,,,
IncomeLossFromDiscontinuedOperationsNetOfTaxPerDilutedShare,,,,,,,0.000,0.000,-0.200,0.020,0.000,0.000,0.000,0.000,,,,,,,,
IncomeTaxExpenseBenefit,6089000.000,8290000.000,4494000.000,44213000.000,5765000.000,-77654000.000,3957000.000,5180000.000,2644000.000,3395000.000,1321000.000,3646000.000,4060000.000,4288000.000,1198000.000,-258000.000,-35242000.000,2388000.000,,,-1101000.000,
IncreaseDecreaseInAccountsPayable,,,-7122000.000,,,,-4462000.000,,,,121000.000,,,,1148000.000,,,,-10213000.000,,,
IncreaseDecreaseInAccountsReceivable,,,-22636000.000,,,,-14768000.000,,,,-9944000.000,,,,-18611000.000,,,,-22013000.000,,,
IncreaseDecreaseInInventories,,,-1002000.000,,,,-92000.000,,,,34000.000,,,,-4000.000,,,,159000.000,,,
IncreaseDecreaseInOtherAccruedLiabilities,,,-17956000.000,,,,-9031000.000,,,,-13810000.000,,,,-6130000.000,,,,-1783000.000,,,
IncreaseDecreaseInOtherOperatingCapitalNet,,,177000.000,,,,945000.000,,,,-267000.000,,,,-153000.000,,,,0.000,,,
IncreaseDecreaseInPrepaidDeferredExpenseAndOtherAssets,,,2242000.000,,,,647000.000,,,,696000.000,,,,-218000.000,,,,1501000.000,,,
IncrementalCommonSharesAttributableToShareBasedPaymentArrangements,,,,308000.000,242000.000,,198000.000,309000.000,456000.000,-654000.000,285000.000,253000.000,187000.000,-511000.000,329000.000,,0.000,,0.000,0.000,0.000,0.000
InterestExpense,626000.000,889000.000,1019000.000,880000.000,850000.000,825000.000,803000.000,779000.000,754000.000,662000.000,679000.000,710000.000,716000.000,729000.000,,1477000.000,1339000.000,,,,,
InterestIncomeDepositsWithFinancialInstitutions,,,,,,,,,,,,81000.000,75000.000,,,9000.000,46000.000,,,,,
InterestIncomeExpenseNet,,,,,,,,,,,,-629000.000,-641000.000,,-609000.000,-1468000.000,-1293000.000,-1389000.000,-1381000.000,-2400000.000,-704000.000,1031000.000
InvestmentIncomeInterestAndDividend,67000.000,52000.000,29000.000,30000.000,17000.000,15000.000,35000.000,42000.000,25000.000,,,,,,,,,,,,,
LaborAndRelatedExpense,91274000.000,88214000.000,86715000.000,88140000.000,82509000.000,75420000.000,80308000.000,82740000.000,68341000.000,50535000.000,71304000.000,69613000.000,67026000.000,71192000.000,64663000.000,62436000.000,66152000.000,67588000.000,68339000.000,62930000.000,59970000.000,56002000.000
NetCashProvidedByUsedInFinancingActivities,,,-66534000.000,,,,-3411000.000,,,,-8536000.000,,,,-9937000.000,,,,-3796000.000,,,
NetCashProvidedByUsedInFinancingActivitiesContinuingOperations,,,-66534000.000,,,,-3411000.000,,,,-8536000.000,,,,-9937000.000,,,,-3796000.000,,,
NetCashProvidedByUsedInInvestingActivities,,,-3046000.000,,,,150000.000,,,,-2550000.000,,,,-32572000.000,,,,-8069000.000,,,
NetCashProvidedByUsedInInvestingActivitiesContinuingOperations,,,-3046000.000,,,,150000.000,,,,-2550000.000,,,,-32572000.000,,,,-8069000.000,,,
NetCashProvidedByUsedInOperatingActivities,,,12952000.000,,,,14926000.000,,,,6692000.000,,,,20428000.000,,,,6398000.000,,,
NetCashProvidedByUsedInOperatingActivitiesContinuingOperations,,,12952000.000,,,,14926000.000,,,,6692000.000,,,,20428000.000,,,,6398000.000,,,
NetIncomeLoss,9425000.000,12128000.000,6793000.000,-109705000.000,,,,,,,,,,,,,,,,,,
NetIncomeLossAvailableToCommonStockholdersBasic,,,,,8863000.000,,6667000.000,8309000.000,-8173000.000,6567000.000,1845000.000,5637000.000,6420000.000,10089000.000,1615000.000,-4172000.000,-170914000.000,2543000.000,-5603000.000,-4263000.000,-3041000.000,-118030000.000
NonoperatingIncomeExpense,-1032000.000,-297000.000,-1645000.000,-1253000.000,-1584000.000,-1864000.000,450000.000,-820000.000,-1265000.000,-1409000.000,-1413000.000,-1704000.000,-60000.000,-279000.000,-202000.000,-12487000.000,-718000.000,-1860000.000,-1209000.000,-2511000.000,-814000.000,-8834000.000
OciBeforeReclassificationsNetOfTaxAttributableToParent,,,,,,,,,,,,,,,,,,,-470000.000,,,
OperatingIncomeLoss,16546000.000,20715000.000,12932000.000,-152665000.000,16212000.000,33581000.000,10174000.000,14309000.000,8360000.000,9818000.000,4579000.000,10987000.000,10540000.000,14656000.000,3015000.000,8057000.000,-205438000.000,6791000.000,-6369000.000,-7175000.000,-4572000.000,-37664000.000
OtherComprehensiveIncomeDefinedBenefitPlansAdjustmentBeforeTaxPortionAttributableToParent,,,,,-1501000.000,,-1672000.000,-1672000.000,-1672000.000,-31904000.000,-921000.000,-840000.000,-930000.000,31493000.000,-1345000.000,-1557000.000,-1557000.000,-4949000.000,-870000.000,-596000.000,-596000.000,7165000.000
OtherComprehensiveIncomeDefinedBenefitPlansAdjustmentNetOfTaxPeriodIncreaseDecrease,,,901000.000,,,,,,,,,,,,,,,,,,,
OtherComprehensiveIncomeDefinedBenefitPlansAdjustmentNetOfTaxPortionAttributableToParent,,,,,-900000.000,,-1003000.000,-1003000.000,-1003000.000,-19143000.000,-553000.000,-504000.000,-558000.000,18896000.000,-807000.000,-934000.000,-934000.000,-2970000.000,-522000.000,-357000.000,-358000.000,4299000.000
OtherComprehensiveIncomeDefinedBenefitPlansTaxPortionAttributableToParent,,,,,-601000.000,,-669000.000,-669000.000,-669000.000,-12761000.000,-368000.000,-336000.000,-372000.000,12597000.000,-538000.000,-623000.000,-623000.000,-1979000.000,-348000.000,-239000.000,-238000.000,2866000.000
OtherComprehensiveIncomeForeignCurrencyTransactionAndTranslationAdjustmentNetOfTaxPeriodIncreaseDecrease,,,886000.000,,,,,,,,,,,,,,,,,,,
OtherComprehensiveIncomeForeignCurrencyTransactionAndTranslationAdjustmentNetOfTaxPortionAttributableToParent,,,,,,,0.000,,,,,,,,,,,,,,,
OtherComprehensiveIncomeForeignCurrencyTransactionAndTranslationGainLossArisingDuringPeriodNetOfTax,,,,,871000.000,,-1130000.000,-589000.000,1056000.000,127000.000,186000.000,420000.000,-1348000.000,-1088000.000,-1487000.000,1386000.000,-1077000.000,-798000.000,-470000.000,-949000.000,-437000.000,2300000.000
OtherComprehensiveIncomeLossBeforeReclassificationsNetOfTax,,,,,,,,,,,186000.000,,,,-1487000.000,,,,,,,
OtherComprehensiveIncomeLossForeignCurrencyTransactionAndTranslationAdjustmentNetOfTax,,,,-915000.000,,,-1130000.000,,,,,,,,,,,,,,,
OtherComprehensiveIncomeLossNetOfTax,,,,-14000.000,,,-127000.000,,,,739000.000,,,,-680000.000,,,,52000.000,,,
OtherComprehensiveIncomeLossNetOfTaxPeriodIncreaseDecrease,,,1787000.000,,,,,,,,,,,,,,,,,,,
OtherComprehensiveIncomeLossNetOfTaxPortionAttributableToParent,,,,,1771000.000,,-127000.000,414000.000,2059000.000,19270000.000,739000.000,924000.000,-790000.000,-19984000.000,-680000.000,2320000.000,-143000.000,2172000.000,52000.000,-592000.000,-79000.000,-1999000.000
OtherComprehensiveIncomeLossPensionAndOtherPostretirementBenefitPlansAdjustmentBeforeReclassificationAdjustmentsNetOfTax,,,,,,,0.000,,,,,,,,,,,,,,,
OtherComprehensiveIncomeLossPensionAndOtherPostretirementBenefitPlansAdjustmentBeforeTax,,,,-1501000.000,,,,,,,,,,,,,,,,,,
OtherComprehensiveIncomeLossPensionAndOtherPostretirementBenefitPlansAdjustmentNetOfTax,,,,-901000.000,,,1003000.000,,,,,,,,,,,,,,,
OtherComprehensiveIncomeLossPensionAndOtherPostretirementBenefitPlansTax,,,,-600000.000,,,,,,,,,,,,,,,,,,
OtherComprehensiveIncomeReclassificationOfDefinedBenefitPlansNetGainLossRecognizedInNetPeriodicBenefitCostNetOfTax,,,,,,,-1003000.000,,,,,,,,,,,,,,,
OtherNoncashIncomeExpense,,,-3000.000,,,,851000.000,,,,875000.000,,,,,,,,220000.000,,,
OtherNonoperatingExpense,473000.000,-540000.000,655000.000,403000.000,,,,,,,,,,,,,,,,,,
OtherNonoperatingIncomeExpense,,,,,-751000.000,,1218000.000,-83000.000,-536000.000,-645000.000,-734000.000,-1075000.000,581000.000,331000.000,407000.000,-1518000.000,575000.000,-471000.000,172000.000,-111000.000,-110000.000,-9865000.000
OtherTaxExpenseBenefit,,,,48700000.000,,,,,,,,,,,,,,,,,,
PaymentsForRepurchaseOfCommonStock,,,,,,,436000.000,,,,175000.000,,,,,,,,,,,
PaymentsOfDebtRestructuringCosts,,,,,,,,,,,0.000,,,,,,,,,,,
PaymentsOfDividends,,,5405000.000,,,,0.000,,,,5377000.000,,,,5323000.000,,,,5285000.000,,,
PaymentsOfFinancingCosts,,,,,,,,,,,,,,,,,,,2165000.000,,,
PaymentsToAcquireBusinessesNetOfCashAcquired,,,,,,,,,,,,,,,29863000.000,,,,3500000.000,,,
PaymentsToAcquirePropertyPlantAndEquipment,,,3054000.000,,,,4631000.000,,,,2550000.000,,,,2709000.000,,,,4590000.000,,,
PensionExpense,,,506000.000,,,,346000.000,,,,1404000.000,,,,-82000.000,,,,,,,
ProceedsFromIssuanceOfCommonStock,,,361000.000,,,,82000.000,,,,-347000.000,,,,-21000.000,,,,-81000.000,,,
ProceedsFromIssuanceOfLongTermDebt,,,,,,,,,,,0.000,,,,,,,,,,,
ProceedsFromLinesOfCredit,,,,,,,,,,,,,,,,,,,81008000.000,,,
ProceedsFromSaleOfPropertyPlantAndEquipment,,,8000.000,,,,4781000.000,,,,0.000,,,,,,,,21000.000,,,
ProceedsFromSaleOfTreasuryStock,,,,,,,,,,,,,,,,,,,40000.000,,,
ReclassificationFromAccumulatedOtherComprehensiveIncomeCurrentPeriodNetOfTax,,,,,,,,,,,-553000.000,,,,-807000.000,,,,,,,
ReclassificationFromAociCurrentPeriodNetOfTaxAttributableToParent,,,,,,,,,,,,,,,,,,,-522000.000,,,
RepaymentsOfDebt,,,61532000.000,,,,3062000.000,,,,3062000.000,,,,4593000.000,,,,77313000.000,,,
Revenues,213047000.000,212788000.000,195172000.000,199137000.000,195799000.000,177601000.000,178332000.000,188256000.000,134973000.000,58048000.000,132727000.000,140310000.000,134121000.000,146518000.000,121173000.000,122345000.000,121968000.000,129815000.000,110723000.000,97317000.000,97425000.000,98947000.000
SalesRevenueNet,213047000.000,212788000.000,195172000.000,199137000.000,195799000.000,177601000.000,178332000.000,188256000.000,134973000.000,58048000.000,132727000.000,140310000.000,134121000.000,146518000.000,121173000.000,122345000.000,121968000.000,129815000.000,110723000.000,97317000.000,97425000.000,98947000.000
ShareBasedCompensation,,,993000.000,,,,1288000.000,,,,1288000.000,,,,1316000.000,,,,563000.000,,,
ShareBasedCompensationArrangementByShareBasedPaymentAwardOptionsGrantsInPeriod,,,,,340000.000,,,,,,,,,,,,,,,,,
ShareBasedCompensationArrangementByShareBasedPaymentAwardOptionsGrantsInPeriodWeightedAverageGrantDateFairValue,,,,,2.170,,,,,,,,,,,,,,,,,
ShareBasedCompensationArrangementsByShareBasedPaymentAwardOptionsGrantsInPeriodWeightedAverageExercisePrice,,,,,7.250,,,,,,,,,,,,,,,,,
StockIssuedDuringPeriodValueShareBasedCompensation,,,182000.000,,,,-313000.000,,,,-347000.000,,,,-84000.000,,,,-81000.000,,,
StockIssuedDuringPeriodValueTreasuryStockReissued,,,40000.000,,,,37000.000,,,,,,,,63000.000,,,,40000.000,,,
StockRepurchasedDuringPeriodValue,,,,,,,436000.000,,,,175000.000,,,,,,,,,,,
WeightedAverageNumberOfDilutedSharesOutstanding,63703000.000,63059000.000,63273000.000,63315000.000,63205000.000,-126906000.000,62669000.000,62755000.000,62994000.000,-125606000.000,62971000.000,62987000.000,62585000.000,-125885000.000,62201000.000,61843000.000,61606000.000,-124007000.000,61331000.000,61460000.000,61543000.000,-122847000.000
WeightedAverageNumberOfSharesOutstandingBasic,63371000.000,62798000.000,62910000.000,63007000.000,62963000.000,-125993000.000,62471000.000,62446000.000,62538000.000,-124952000.000,62686000.000,62734000.000,62398000.000,-125374000.000,61872000.000,61843000.000,61606000.000,-123678000.000,61331000.000,61460000.000,61543000.000,-122847000.000
