,2011-03-31,2011-06-30,2011-09-30,2011-12-31,2012-03-31,2012-06-30,2012-09-30,2012-12-31,2013-03-31,2013-06-30,2013-09-30,2013-12-31,2014-03-31,2014-06-30,2014-09-30,2014-12-31,2015-03-31,2015-06-30,2015-09-30,2015-12-31,2016-03-31,2016-06-30,2016-09-30,2016-12-31,2017-03-31,2017-06-30
AdjustmentToAdditionalPaidInCapitalIncomeTaxEffectFromShareBasedCompensationNet,,,,,8600000.000,,,,4400000.000,,,,4900000.000,,,,1300000.000,,,,800000.000,,,,0.000,
AdjustmentsNoncashItemsToReconcileNetIncomeLossToCashProvidedByUsedInOperatingActivitiesOther,-1400000.000,,,,,,,,,,,,,,,,,,,,,,,,,
AdjustmentsToAdditionalPaidInCapitalShareBasedCompensationStockOptionsRequisiteServicePeriodRecognition,,,,,2800000.000,,,,2800000.000,,,,3200000.000,,,,3700000.000,,,,4600000.000,,,,4200000.000,
AmortizationOfIntangibleAssets,,,,,4200000.000,8800000.000,,,4900000.000,,,,5400000.000,,,,7200000.000,,,,8200000.000,,,,8500000.000,
CashAndCashEquivalentsPeriodIncreaseDecrease,-23800000.000,,,,-7200000.000,,,,-38800000.000,,,,-93400000.000,,,,-240600000.000,,,,-22700000.000,,,,-56600000.000,
CashFlowHedgeGainLossReclassifiedToCostOfSalesNet,,-400000.000,-200000.000,,100000.000,0.000,-100000.000,-100000.000,100000.000,0.000,100000.000,200000.000,400000.000,,,,,,,,,,,,,
CommonStockDividendsPerShareDeclared,0.380,0.380,0.380,0.380,0.410,0.410,0.410,0.450,0.450,0.450,0.450,0.500,0.500,0.500,0.500,0.560,0.560,0.560,0.560,0.630,0.630,0.630,0.630,0.700,0.700,0.700
ComprehensiveIncomeNetOfTax,,73200000.000,62300000.000,,77900000.000,64000000.000,101900000.000,87200000.000,60000000.000,70700000.000,108500000.000,135400000.000,67500000.000,100100000.000,66600000.000,-2200000.000,41000000.000,94700000.000,45800000.000,35900000.000,61600000.000,69300000.000,86600000.000,-2800000.000,76300000.000,88100000.000
ComprehensiveIncomeNetOfTaxAttributableToNoncontrollingInterest,,500000.000,900000.000,,400000.000,500000.000,500000.000,1000000.000,900000.000,900000.000,700000.000,800000.000,1100000.000,600000.000,900000.000,-700000.000,1000000.000,1200000.000,1400000.000,1200000.000,1100000.000,1000000.000,1400000.000,1300000.000,1100000.000,1700000.000
ComprehensiveIncomeNetOfTaxIncludingPortionAttributableToNoncontrollingInterest,,73700000.000,63200000.000,,78300000.000,64500000.000,102400000.000,88200000.000,60900000.000,71600000.000,109200000.000,136200000.000,68600000.000,100700000.000,67500000.000,-2900000.000,42000000.000,95900000.000,47200000.000,37100000.000,62700000.000,70300000.000,88000000.000,-1500000.000,77400000.000,89800000.000
CostOfGoodsAndServicesSold,452900000.000,479300000.000,512000000.000,503700000.000,489700000.000,518600000.000,521200000.000,502700000.000,503800000.000,529300000.000,544600000.000,535700000.000,514500000.000,563300000.000,599100000.000,573500000.000,557000000.000,589900000.000,585900000.000,565800000.000,574900000.000,615300000.000,618700000.000,595600000.000,590500000.000,653600000.000
DeferredIncomeTaxExpenseBenefit,9700000.000,,,,5400000.000,,,,4300000.000,,,,6000000.000,,,,-100000.000,,,,500000.000,,,,700000.000,
DepreciationDepletionAndAmortization,17600000.000,,,,16200000.000,,,,17200000.000,,,,18900000.000,,,,21700000.000,,,,22700000.000,,,,24200000.000,
DerivativeInstrumentsGainLossRecognizedInOtherComprehensiveIncomeEffectivePortionNet,,-100000.000,800000.000,,-200000.000,200000.000,-500000.000,,500000.000,100000.000,-300000.000,,500000.000,-500000.000,600000.000,,,,,,,,,,,
DividendsCommonStock,,,,,-24400000.000,,,,26700000.000,,,,29600000.000,,,,32500000.000,,,,35600000.000,,,,38800000.000,
EarningsPerShareBasic,0.830,1.080,1.380,1.180,1.060,1.310,1.470,1.210,1.110,1.380,1.630,1.390,1.080,1.530,1.520,1.380,1.070,1.390,1.270,1.060,1.080,1.460,1.560,1.160,1.130,1.440
EarningsPerShareDiluted,0.820,1.070,1.370,1.160,1.050,1.290,1.450,1.210,1.100,1.370,1.620,1.380,1.080,1.510,1.510,1.380,1.070,1.370,1.270,1.060,1.080,1.450,1.560,1.150,1.130,1.430
EffectOfExchangeRateOnCashAndCashEquivalents,3800000.000,,,,4600000.000,,,,-4000000.000,,,,1800000.000,,,,-12500000.000,,,,-1500000.000,,,,7400000.000,
ExcessTaxBenefitFromShareBasedCompensationFinancingActivities,3500000.000,,,,8600000.000,,,,4400000.000,,,,4900000.000,,,,1300000.000,,,,1200000.000,,,,,
ExcessTaxBenefitFromShareBasedCompensationOperatingActivities,-3500000.000,,,,-8600000.000,,,,4400000.000,,,,4900000.000,,,,1300000.000,,,,1200000.000,,,,,
FairValueMeasurementWithUnobservableInputsReconciliationLiabilityTransfersIntoLevel3,,,,,0.000,,,,0.000,,,,0.000,,,,,,,,,,,,,
FairValueMeasurementWithUnobservableInputsReconciliationLiabilityTransfersOutOfLevel3,,,,,0.000,,,,0.000,,,,0.000,,,,,,,,,,,,,
FairValueMeasurementWithUnobservableInputsReconciliationRecurringBasisAssetTransfersIntoLevel3,,,,,0.000,,,,0.000,,,,0.000,,,,,,,,,,,,,
FairValueMeasurementWithUnobservableInputsReconciliationRecurringBasisAssetTransfersOutOfLevel3,,,,,0.000,,,,0.000,,,,0.000,,,,,,,,,,,,,
FutureAmortizationExpenseRemainderOfFiscalYear,,,,,12400000.000,8700000.000,,,,,,,,,,,,,,,,,,,,
FutureAmortizationExpenseYearFive,,,,,12300000.000,13400000.000,,,,,,,,,,,,,,,,,,,,
FutureAmortizationExpenseYearFour,,,,,13400000.000,14500000.000,,,,,,,,,,,,,,,,,,,,
FutureAmortizationExpenseYearOne,,,,,16200000.000,17500000.000,,,,,,,,,,,,,,,,,,,,
FutureAmortizationExpenseYearThree,,,,,14100000.000,15200000.000,,,,,,,,,,,,,,,,,,,,
FutureAmortizationExpenseYearTwo,,,,,15600000.000,16800000.000,,,,,,,,,,,,,,,,,,,,
GainLossOnForeignCurrencyCashFlowHedgeIneffectiveness,,0.000,0.000,,0.000,0.000,0.000,-500000.000,0.000,0.000,0.000,600000.000,0.000,0.000,0.000,,,,,,,,,,,
GainLossOnInterestRateCashFlowHedgeIneffectiveness,,0.000,0.000,,0.000,0.000,0.000,0.000,0.000,0.000,0.000,,0.000,0.000,0.000,,,,,,,,,,,
GoodwillAcquiredDuringPeriod,,,,,,,,,,,,,,,,,42300000.000,,,,64700000.000,,,,4000000.000,
GoodwillTranslationAdjustments,,,,,2900000.000,,,,-2400000.000,,,,1100000.000,,,,,,,,,,,,,
GoodwillTranslationAndPurchaseAccountingAdjustments,,,,,,,,,,,,,,,,,-500000.000,,,,-800000.000,,,,5500000.000,
GrossProfit,205200000.000,229900000.000,252300000.000,236300000.000,234100000.000,259800000.000,268500000.000,249800000.000,236300000.000,272000000.000,291300000.000,270900000.000,245000000.000,292500000.000,296200000.000,275300000.000,252700000.000,284100000.000,291100000.000,263900000.000,259900000.000,293500000.000,288700000.000,258600000.000,261800000.000,294700000.000
IncomeLossFromContinuingOperationsBeforeIncomeTaxesMinorityInterestAndIncomeLossFromEquityMethodInvestments,74000000.000,95900000.000,118000000.000,101900000.000,94600000.000,116100000.000,129000000.000,102100000.000,91200000.000,122800000.000,143300000.000,116500000.000,96100000.000,136400000.000,134800000.000,118200000.000,94700000.000,118000000.000,115100000.000,90800000.000,91600000.000,116800000.000,124100000.000,97900000.000,90900000.000,116700000.000
IncomeTaxExpenseBenefit,23300000.000,30200000.000,34700000.000,31400000.000,31000000.000,38100000.000,41400000.000,29200000.000,24400000.000,39800000.000,46100000.000,33700000.000,30800000.000,45600000.000,44300000.000,37600000.000,31300000.000,36700000.000,40400000.000,28100000.000,29600000.000,34800000.000,36000000.000,32200000.000,27000000.000,35900000.000
IncreaseDecreaseInAccountsPayableAndAccruedLiabilities,41200000.000,,,,-2000000.000,,,,-7400000.000,,,,-2600000.000,,,,11800000.000,,,,-9500000.000,,,,-9800000.000,
IncreaseDecreaseInAccountsReceivable,-57300000.000,,,,-21200000.000,,,,33500000.000,,,,19900000.000,,,,28800000.000,,,,27100000.000,,,,13100000.000,
IncreaseDecreaseInInventories,-3900000.000,,,,-15400000.000,,,,7000000.000,,,,25100000.000,,,,26100000.000,,,,6100000.000,,,,12200000.000,
IncreaseDecreaseInOtherOperatingCapitalNet,-1300000.000,,,,6400000.000,,,,-4800000.000,,,,-4400000.000,,,,0.000,,,,-11900000.000,,,,-8300000.000,
InterestIncomeExpenseNet,-7500000.000,-7500000.000,-7300000.000,,-7200000.000,-7100000.000,-7200000.000,,-7300000.000,-7300000.000,-7400000.000,,-7500000.000,-7000000.000,-7500000.000,,-7700000.000,-7400000.000,-7600000.000,,-9000000.000,-11300000.000,-11600000.000,,-11100000.000,-11600000.000
MinorityInterestDecreaseFromDistributionsToNoncontrollingInterestHolders,,,,,-400000.000,,,,400000.000,,,,400000.000,,,,600000.000,,,,700000.000,,,,1400000.000,
NetCashProvidedByUsedInFinancingActivities,-62100000.000,,,,-40600000.000,,,,-21700000.000,,,,-35600000.000,,,,-109200000.000,,,,108400000.000,,,,-94100000.000,
NetCashProvidedByUsedInFinancingActivitiesContinuingOperations,-62100000.000,,,,-40600000.000,,,,-21700000.000,,,,-35600000.000,,,,-109200000.000,,,,108400000.000,,,,-94100000.000,
NetCashProvidedByUsedInInvestingActivities,-19000000.000,,,,-16300000.000,,,,-55800000.000,,,,-103000000.000,,,,-144700000.000,,,,-188000000.000,,,,-32900000.000,
NetCashProvidedByUsedInInvestingActivitiesContinuingOperations,-19000000.000,,,,-16300000.000,,,,-55800000.000,,,,-103000000.000,,,,-144700000.000,,,,-188000000.000,,,,-32900000.000,
NetCashProvidedByUsedInOperatingActivities,53500000.000,,,,45100000.000,,,,42700000.000,,,,43400000.000,,,,25800000.000,,,,58400000.000,,,,63000000.000,
NetCashProvidedByUsedInOperatingActivitiesContinuingOperations,53500000.000,,,,45100000.000,,,,42700000.000,,,,43400000.000,,,,25800000.000,,,,58400000.000,,,,63000000.000,
NetIncomeLoss,50300000.000,65200000.000,82400000.000,70000000.000,63200000.000,77500000.000,87100000.000,71900000.000,65900000.000,82100000.000,96500000.000,82000000.000,64200000.000,90200000.000,89600000.000,81300000.000,62400000.000,80100000.000,73300000.000,61500000.000,60900000.000,81000000.000,86700000.000,64400000.000,62800000.000,79100000.000
NetIncomeLossAttributableToNoncontrollingInterest,400000.000,500000.000,900000.000,500000.000,400000.000,500000.000,500000.000,1000000.000,900000.000,900000.000,700000.000,800000.000,1100000.000,600000.000,900000.000,-700000.000,1000000.000,1200000.000,1400000.000,1200000.000,1100000.000,1000000.000,1400000.000,1300000.000,1100000.000,1700000.000
OperatingIncomeLoss,83600000.000,105100000.000,125300000.000,109800000.000,101700000.000,124500000.000,135100000.000,110500000.000,97700000.000,132100000.000,151600000.000,126200000.000,104800000.000,143700000.000,142800000.000,126100000.000,105000000.000,126700000.000,131000000.000,111900000.000,101900000.000,132100000.000,136000000.000,107800000.000,104100000.000,130600000.000
OtherComprehensiveIncomeAvailableForSaleSecuritiesAdjustmentNetOfTaxPeriodIncreaseDecrease,,200000.000,200000.000,,-200000.000,0.000,,,,,,,,,,,,,,,,,,,,
OtherComprehensiveIncomeAvailableForSaleSecuritiesTax,,,,,100000.000,0.000,,,,,,,,,,,,,,,,,,,,
OtherComprehensiveIncomeDefinedBenefitPlansAdjustmentNetOfTaxPeriodIncreaseDecrease,,1300000.000,1200000.000,,2700000.000,2400000.000,,,,,,,,,,,,,,,,,,,,
OtherComprehensiveIncomeDefinedBenefitPlansNetUnamortizedGainLossArisingDuringPeriodTax,,,,,1500000.000,1400000.000,1600000.000,9700000.000,1200000.000,1200000.000,1000000.000,-42100000.000,300000.000,200000.000,-100000.000,33500000.000,-1000000.000,-900000.000,-1000000.000,-7800000.000,1100000.000,1200000.000,1100000.000,-22300000.000,900000.000,1000000.000
OtherComprehensiveIncomeDerivativesQualifyingAsHedgesNetOfTaxPeriodIncreaseDecrease,,100000.000,1000000.000,,-300000.000,200000.000,,,,,,,,,,,,,,,,,,,,
OtherComprehensiveIncomeForeignCurrencyTransactionAndTranslationGainLossArisingDuringPeriodNetOfTax,,6400000.000,-22500000.000,,12500000.000,-16100000.000,12500000.000,-600000.000,-8500000.000,-13300000.000,10400000.000,-3600000.000,2700000.000,10000000.000,-24200000.000,-24200000.000,-23800000.000,13600000.000,-29900000.000,-5400000.000,700000.000,-13800000.000,-2600000.000,-19700000.000,11500000.000,7700000.000
OtherComprehensiveIncomeLossAvailableForSaleSecuritiesAdjustmentNetOfTax,,,,,,,0.000,,0.000,-300000.000,0.000,0.000,-100000.000,100000.000,0.000,-100000.000,0.000,-100000.000,0.000,-200000.000,300000.000,200000.000,-200000.000,-1500000.000,400000.000,100000.000
OtherComprehensiveIncomeLossAvailableForSaleSecuritiesTax,,,,,,,0.000,,0.000,200000.000,0.000,0.000,0.000,0.000,0.000,0.000,,0.000,0.000,,200000.000,100000.000,-100000.000,-300000.000,400000.000,0.000
OtherComprehensiveIncomeLossBeforeReclassificationsNetOfTax,,,,,,,,,,,,,,,,,-22600000.000,,,,-500000.000,,,,11700000.000,
OtherComprehensiveIncomeLossDerivativesQualifyingAsHedgesNetOfTax,,,,,,,-500000.000,,400000.000,100000.000,-400000.000,200000.000,200000.000,-600000.000,500000.000,100000.000,700000.000,-700000.000,600000.000,800000.000,-2300000.000,-200000.000,600000.000,500000.000,-100000.000,-800000.000
OtherComprehensiveIncomeLossNetOfTax,,,,,,,,,-5900000.000,,,,3300000.000,,,,-21400000.000,,,,700000.000,,,,13500000.000,
OtherComprehensiveIncomeLossNetOfTaxPortionAttributableToParent,,,,,14700000.000,-13500000.000,14800000.000,,-5900000.000,-11400000.000,12000000.000,,3300000.000,9900000.000,-23000000.000,,-21400000.000,14600000.000,-27500000.000,,700000.000,-11700000.000,-100000.000,,13500000.000,9000000.000
OtherComprehensiveIncomeLossPensionAndOtherPostretirementBenefitPlansAdjustmentNetOfTax,,,,,,,-2800000.000,,-2200000.000,-2100000.000,-2000000.000,-56800000.000,-500000.000,-400000.000,-700000.000,59300000.000,-1700000.000,-1800000.000,-1800000.000,20800000.000,-2000000.000,-2100000.000,-2100000.000,46500000.000,-1700000.000,-2000000.000
OtherComprehensiveIncomeUnrealizedGainLossOnDerivativesArisingDuringPeriodTax,,,,,100000.000,0.000,200000.000,-100000.000,200000.000,0.000,200000.000,-500000.000,100000.000,300000.000,-200000.000,-300000.000,200000.000,100000.000,-200000.000,200000.000,-400000.000,0.000,200000.000,-300000.000,-100000.000,-300000.000
OtherNoncashIncomeExpense,,,,,-1500000.000,,,,400000.000,,,,1100000.000,,,,-1900000.000,,,,-1100000.000,,,,2800000.000,
OtherNonoperatingIncomeExpense,-2100000.000,-1700000.000,0.000,-600000.000,100000.000,-1300000.000,1100000.000,-900000.000,800000.000,-2000000.000,-900000.000,-2200000.000,-1200000.000,-300000.000,-500000.000,200000.000,-2600000.000,-1300000.000,-8300000.000,-13300000.000,-1300000.000,-4000000.000,-300000.000,1100000.000,-2100000.000,-2300000.000
PaymentsForProceedsFromOtherInvestingActivities,-2100000.000,,,,-5500000.000,,,,-200000.000,,,,0.000,,,,-1200000.000,,,,-500000.000,,,,-800000.000,
PaymentsForRepurchaseOfCommonStock,59900000.000,,,,42100000.000,,,,0.000,,,,11500000.000,,,,76000000.000,,,,201800000.000,,,,52600000.000,
PaymentsOfDebtIssuanceCosts,,,,,,,,,,,,,,,,,,,,,3600000.000,,,,0.000,
PaymentsOfDividendsCommonStock,21900000.000,,,,22400000.000,,,,26700000.000,,,,29600000.000,,,,32500000.000,,,,35500000.000,,,,38800000.000,
PaymentsOfDividendsMinorityInterest,300000.000,,,,400000.000,,,,400000.000,,,,500000.000,,,,600000.000,,,,700000.000,,,,1400000.000,
PaymentsToAcquireAvailableForSaleSecurities,200000.000,,,,2400000.000,,,,7300000.000,,,,2000000.000,,,,3300000.000,,5000000.000,,3200000.000,,,,3300000.000,
PaymentsToAcquireBusinessesNetOfCashAcquired,,,,,10900000.000,,,,37500000.000,,,,90900000.000,,,,126800000.000,,,,172200000.000,,,,19200000.000,
PaymentsToAcquireProductiveAssets,22000000.000,,,,11400000.000,,,,13000000.000,,,,12700000.000,,,,16300000.000,,,,15300000.000,,,,13600000.000,
PaymentsToAcquireTradingSecuritiesHeldforinvestment,,,,,1200000.000,,,,1300000.000,,,,1100000.000,,,,800000.000,,,,900000.000,,,,1600000.000,
PensionContributions,-800000.000,,,,-600000.000,,,,700000.000,,,,1000000.000,,,,20600000.000,,,,500000.000,,,,400000.000,
ProceedsFromIssuanceOfLongTermDebt,,,,,,,,,,,,,,,,,,,,,397000000.000,,,,0.000,
ProceedsFromPaymentsForOtherFinancingActivities,100000.000,,,,0.000,,,,200000.000,,,,0.000,,,,,,,,,,,,-3300000.000,
ProceedsFromRepaymentsOfShortTermDebt,0.000,,,,-2600000.000,,,,0.000,,,,600000.000,,,,0.000,,,,,,,,,
ProceedsFromRepaymentsOfShortTermDebtMaturingInThreeMonthsOrLess,,,,,,,,,,,,,,,,,,,,,,,,,2000000.000,
ProceedsFromSaleAndMaturityOfAvailableForSaleSecurities,1100000.000,,,,2900000.000,,,,1800000.000,,,,2600000.000,,,,500000.000,,,,2200000.000,,,,2400000.000,
ProceedsFromSaleOfTradingSecuritiesHeldforinvestment,,,,,,,,,,,,,200000.000,200000.000,,,200000.000,,,,1100000.000,,,,300000.000,
ProceedsFromStockOptionsExercised,16400000.000,,,,18300000.000,,,,800000.000,,,,500000.000,,,,0.000,,,,,,,,,
ProfitLoss,50700000.000,65700000.000,83300000.000,70500000.000,63600000.000,78000000.000,87600000.000,72900000.000,66800000.000,83000000.000,97200000.000,82800000.000,65300000.000,90800000.000,90500000.000,80600000.000,63400000.000,81300000.000,74700000.000,62700000.000,62000000.000,82000000.000,88100000.000,65700000.000,63900000.000,80800000.000
ReclassificationFromAccumulatedOtherComprehensiveIncomeCurrentPeriodNetOfTax,,,,,,,,,,,,,,,,,-1200000.000,,,,-1200000.000,-2500000.000,-2400000.000,,-1800000.000,-1900000.000
RepaymentsOfShortTermDebt,,,,,,,,,,,,,,,,,1400000.000,,,,48200000.000,,,,,
RestructuringAndRelatedCostIncurredCost,,,,,,,,,,,,,,,,,2700000.000,,,,5800000.000,,,,5500000.000,
RestructuringCharges,,,,,,,,,,,,,,,,,2700000.000,8900000.000,7800000.000,4200000.000,5800000.000,3700000.000,4500000.000,21000000.000,5500000.000,4800000.000
RestructuringReserveTranslationAndOtherAdjustment,,,,,,,,,,,,,,,,,-3400000.000,,,,-4700000.000,,,,-6300000.000,
Revenues,658100000.000,709200000.000,764300000.000,740000000.000,723800000.000,778400000.000,789700000.000,752500000.000,740100000.000,801300000.000,835900000.000,806600000.000,759500000.000,855800000.000,895300000.000,848800000.000,809700000.000,874000000.000,877000000.000,829700000.000,834800000.000,908800000.000,907400000.000,854200000.000,852300000.000,948300000.000
SalesRevenueNet,658100000.000,709200000.000,764300000.000,740000000.000,723800000.000,778400000.000,789700000.000,752500000.000,740100000.000,801300000.000,835900000.000,806600000.000,759500000.000,855800000.000,895300000.000,848800000.000,809700000.000,874000000.000,877000000.000,829700000.000,834800000.000,908800000.000,907400000.000,854200000.000,852300000.000,948300000.000
SellingGeneralAndAdministrativeExpense,121600000.000,124800000.000,127000000.000,126500000.000,132400000.000,135300000.000,133400000.000,139300000.000,138600000.000,139900000.000,139700000.000,144700000.000,140200000.000,148800000.000,153400000.000,149200000.000,147700000.000,157400000.000,160100000.000,152000000.000,158000000.000,161400000.000,152700000.000,150800000.000,157700000.000,164100000.000
ShareBasedCompensation,2500000.000,,,,2800000.000,,,,3000000.000,,,,3400000.000,,,,3900000.000,,,,4600000.000,,,,4200000.000,
ShareBasedGoodsAndNonemployeeServicesTransactionStockholdersEquity,,,,,200000.000,,,,100000.000,,,,500000.000,,,,200000.000,,,,100000.000,,,,100000.000,
StandardProductWarrantyAccrualWarrantiesIssued,,,,,2800000.000,,,,2100000.000,,,,2700000.000,,,,2600000.000,,,,3500000.000,,,,2700000.000,
StockIssuedDuringPeriodValueStockOptionsExercised,,,,,,,,,800000.000,,,,500000.000,,,,,,,,,,,,,
SubsequentEventAmount,,,500000000.000,,,,,,,,,,,,,,,,,,,,,,,
UndistributedEarningsAllocatedToParticipatingSecurities,,300000.000,200000.000,,200000.000,300000.000,300000.000,200000.000,200000.000,300000.000,300000.000,200000.000,200000.000,300000.000,100000.000,,,,,,,,,,,
UndistributedEarningsLossAllocatedToParticipatingSecuritiesBasic,,,,,,,,,,,,,,,,,200000.000,200000.000,200000.000,100000.000,200000.000,200000.000,300000.000,200000.000,200000.000,300000.000
UnrealizedGainLossOnInterestRateCashFlowHedgesPretaxAccumulatedOtherComprehensiveIncomeLoss,,400000.000,400000.000,,400000.000,400000.000,400000.000,,400000.000,,,,400000.000,,,,-400000.000,,,,,,,,,
WeightedAverageNumberDilutedSharesOutstandingAdjustment,,800000.000,600000.000,,700000.000,600000.000,600000.000,-1200000.000,500000.000,500000.000,400000.000,-900000.000,500000.000,400000.000,500000.000,-1000000.000,300000.000,300000.000,200000.000,-500000.000,200000.000,300000.000,200000.000,-500000.000,400000.000,300000.000
WeightedAverageNumberOfDilutedSharesOutstanding,,60800000.000,59900000.000,,59900000.000,59700000.000,59700000.000,-119500000.000,59600000.000,59600000.000,59500000.000,-119100000.000,59500000.000,59400000.000,59400000.000,-119100000.000,58300000.000,58000000.000,57900000.000,-116200000.000,56500000.000,55600000.000,55500000.000,-111900000.000,55600000.000,55100000.000
WeightedAverageNumberOfSharesOutstandingBasic,,60000000.000,59300000.000,,59200000.000,59100000.000,59100000.000,-118300000.000,59100000.000,59100000.000,59100000.000,-118200000.000,59000000.000,59000000.000,58900000.000,-118100000.000,58000000.000,57700000.000,57700000.000,-115700000.000,56300000.000,55300000.000,55300000.000,-111400000.000,55200000.000,54800000.000
